3187 4930
2539 349 2579 414 9

406 521 676 587 Constat
747 521 951 603 igitur
1017 520 1340 585 Romanos
1413 522 1589 585 haud
1662 520 1999 603 ignorasse
2072 520 2579 587 salutationibus

228 624 621 704 permultum
668 628 735 688 et
780 622 1017 688 amoris
1064 626 1131 688 et
1173 622 1652 688 familiaritatis
1684 624 2006 707 accedere,
2038 624 2094 688 si
2127 623 2268 703 quis
2300 624 2579 688 alterum

228 727 489 791 nomine
532 726 752 790 addito
800 726 1139 790 salutaret.
1746 725 1750 732 '

400 830 761 894 Praeterea
807 828 1218 908 appellativis
1262 829 1636 910 utebantur,
1684 847 1849 907 quae
1894 829 2099 892 ‘inter
2142 829 2431 893 homines
2463 836 2578 895 aut

230 931 552 1012 sanguine
598 933 714 995 aut
760 930 1048 994 amicitia
1094 930 1466 995 coniunctos
1512 931 1727 995 nescio
1775 950 1896 1010 quo
1928 932 2110 996 modo
2141 932 2287 1013 plus
2317 932 2578 997 honoris

227 1052 392 1114 prae
461 1052 529 1097 se
598 1032 772 1098 ferre
840 1053 1029 1112 quam
1088 1033 1347 1098 nomina
1405 1033 1672 1114 propria
1730 1033 1839 1099 vel
1898 1034 2193 1115 privata’
2252 1035 2577 1099 Martinus

229 1135 523 1201 Schaber
575 1141 755 1201 recte
810 1137 1127 1201 admonet.
1216 1136 1348 1200 Eos
1394 1136 1589 1219 enim,
1647 1137 1756 1214 qui
1802 1136 2126 1218 dignitate
2171 1136 2278 1201 vel
2322 1136 2576 1201 honori-

226 1239 352 1302 bus
418 1242 682 1319 praeter
749 1244 999 1303 ceteros
1064 1238 1398 1320 florerent,
1465 1238 1833 1303 nominibus
1899 1238 2175 1303 salutari
2243 1258 2369 1303 non
2438 1257 2579 1303 esse

228 1340 458 1405 solitos
504 1341 572 1404 hi
614 1340 740 1406 loci
785 1341 948 1406 satis
994 1342 1471 1405 demonstrant:

403 1444 662 1509 Sueton.
686 1445 953 1525 Vespas.
980 1446 1085 1508 15:
1127 1444 1432 1509 Helvidio
1464 1444 1706 1526 Prisc0,
1739 1443 1849 1523 qui
1878 1462 2211 1509 reversum
2243 1463 2324 1509 ex
2355 1443 2579 1509 Sicilia

228 1546 404 1610 solus
466 1546 726 1626 privato
794 1547 1049 1611 nomine
1116 1546 1586 1627 Vespasianum
1654 1546 2168 1629 resalutaverat,
2233 1566 2360 1613 non
2424 1550 2578 1612 ante

227 1648 598 1713 succensuit
643 1668 833 1728 quam
879 1701 892 1713 .
926 1701 938 1713 .
970 1700 984 1713 .

400 1751 673 1815 Martial
717 1752 802 1833 Π,
834 1752 914 1816 87
934 1776 946 1816 :

643 1905 827 1987 Quod
872 1910 940 1970 te
984 1906 1241 1970 nomine
1285 1906 1414 1970 iam
1461 1910 1571 1970 tuo
1619 1907 1850 1988 salut0,

586 1996 589 1999 ’
641 2008 844 2090 Quem
889 2026 1110 2088 regem
1157 2013 1223 2072 et
1270 2009 1590 2073 dominum
1637 2009 1818 2089 prius
1862 2010 2192 2092 vocabam,

638 2110 736 2173 Ne
780 2128 881 2174 me
927 2110 1167 2174 dixeris
1213 2129 1353 2174 esse
1399 2116 1856 2176 contumacem.

399 2298 560 2361 Inde
627 2303 774 2362 orta
840 2303 940 2362 est
1000 2301 1418 2382 consuetudO,
1485 2305 1559 2365 ut
1612 2301 1888 2381 primum
1946 2301 2199 2379 quidem
2251 2302 2577 2382 principes

227 2403 297 2464 et
357 2400 813 2485 imperatoreS,
897 2401 1157 2485 deinde,
1242 2402 1531 2482 quisquis
1598 2402 1841 2467 maiore
1909 2405 2184 2483 quadam
2252 2404 2579 2486 dignitate

227 2509 498 2568 ornatus
546 2509 732 2587 esset,
777 2505 1217 2586 peculiaribus
1256 2506 1522 2571 vocibus
1556 2506 2021 2571 salutarentur.
2085 2507 2191 2571 Sic
2223 2508 2576 2589 appellatio

227 2605 510 2669 ‘domine
527 2605 769 2688 ',-quae
815 2608 898 2671 ab
931 2608 1230 2687 Augusto
1278 2612 1344 2671 et
1376 2607 1638 2671 Tiberio
1685 2612 1988 2672 recusata
2033 2613 2193 2690 erat,
2209 2608 2257 2692 1)
2291 2629 2329 2673 a
2359 2609 2575 2674 Domi-

225 2707 408 2771 tiano
465 2712 756 2789 accepta,
820 2710 901 2773 ab
948 2709 1304 2773 Aureliano
1360 2709 1458 2773 ita
1510 2714 1767 2774 mutata
1814 2715 1937 2791 est,
1991 2715 2065 2775 ut
2110 2711 2462 2775 ‘dominum
2510 2716 2577 2777 et

232 2810 454 2872 deum'
499 2828 568 2874 se
615 2811 936 2891 appellari
979 2811 1252 2876 iuberet.

398 2912 476 2976 Id
529 2931 778 2992 quoque
831 2914 1056 2996 fiebat,
1117 2917 1191 2978 ut
1245 2933 1361 2978 eae
1417 2914 1917 2997 appellationes,
1974 2935 2137 2995 quae
2186 2918 2356 2996 apud
2401 2917 2574 2998 prin-

227 3013 402 3094 cipes
464 3014 531 3077 in
592 3033 712 3078 usu
773 3022 987 3098 erant,
1046 3016 1390 3096 paullatim
1451 3022 1525 3081 ut
1580 3023 1874 3082 nostrum
1929 3019 2163 3082 ‘Herr'
2217 3019 2285 3082 in
2338 3020 2575 3100 vulgus

227 3122 628 3199 emanarent,
648 3118 696 3201 2)
744 3122 819 3182 ut
864 3118 1026 3183 illud
1072 3119 1355 3183 ‘domine
1373 3121 1404 3202 ’,
1451 3122 1618 3199 quod
1666 3121 1747 3184 ab
1793 3121 1873 3185 iis
1918 3121 1986 3185 in
2017 3121 2360 3186 salutando
2391 3141 2574 3186 usur-

224 3219 535 3300 pabatur,
605 3221 711 3297 qui
780 3239 1009 3284 nomen
1078 3221 1336 3286 obviam
1403 3222 1730 3287 venientis
1797 3224 1985 3287 obliti
2052 3229 2242 3288 erant
2300 3225 2407 3290 vel
2466 3244 2573 3289 ne-

225 3319 596 3402 sciebant.3)
685 3322 919 3401 Itaque
964 3323 1294 3387 Martialis
1338 3329 1533 3404 poeta
1578 3325 1898 3389 hominem
1945 3328 2279 3409 quendam,
2326 3346 2406 3391 ne
2451 3328 2574 3392 hac

225 3421 666 3503 appellatione
711 3424 901 3489 nimis
945 3424 1279 3509 glorietur,
1325 3427 1428 3491 his
1473 3428 1696 3491 verbis
1743 3430 1928 3492 docet
1975 3429 2202 3512 (epigr.
2236 3430 2488 3513 11,57):

534 3579 688 3642 Cum
735 3597 892 3643 voco
940 3583 1005 3644 te
1052 3581 1392 3664 dominum,
1438 3582 1571 3646 noli
1618 3583 1758 3664 tibi,
1806 3582 2027 3666 Cinna,
2072 3584 2358 3665 placere3

532 3680 738 3761 Saepe
785 3681 982 3746 etiam
1029 3701 1286 3748 servum
1333 3684 1425 3748 sic
1469 3685 1756 3749 resaluto
1803 3688 2000 3750 tuum.

398 3901 438 3968 ¹)
476 3900 600 3953 Tac.
629 3902 983 3970 Ann.11‚87:
1034 3904 1219 3971 Neque
1266 3911 1447 3958 tamen
1500 3907 1564 3959 ob
1616 3922 1679 3959 ea
1714 3905 1955 3973 parentis
1991 3906 2201 3973 patriae
2240 3906 2478 3960 delatum
2515 3914 2570 3962 et

222 3988 388 4037 antea
435 3987 759 4039 vocabulum
809 3989 1137 4057 adsumpsit,
1190 3990 1482 4056 acerbeque
1529 3991 1802 4058 increpuit
1851 4007 1961 4058 eOS,
2014 3991 2105 4057 qui
2157 3991 2369 4044 divinas
2416 4001 2569 4045 occu-

220 4069 470 4136 pationes
507 4070 790 4138 ipsumque
829 4074 1103 4126 dominum
1142 4074 1416 4142 dixerant3
1443 4075 1528 4127 cf.
1567 4076 1734 4129 etiam
1767 4077 1983 4130 Sueton.
2006 4076 2148 4144 Aug.
2168 4078 2249 4143 53,
2288 4076 2566 4132 Tiber 27.

393 4157 436 4220 2)
471 4155 733 4222 Exempla
769 4174 819 4209 v.
857 4160 1001 4225 apud
1038 4159 1365 4213 Schabecum
1402 4161 1436 4213 l.
1462 4161 1497 4213 l.
1534 4177 1584 4227 p.
1615 4163 1646 4217 7
1683 4162 1803 4214 adn.
1831 4164 1877 4216 1.

392 4241 434 4308 ⁸)
473 4239 615 4292 Aliis
651 4241 781 4294 locis
818 4250 1107 4298 occurrunt
1145 4245 1487 4299 ‘adulescens
1504 4246 1531 4313 ',
1584 4248 1792 4314 ‘puella
1807 4248 1834 4315 ',
1886 4245 2156 4316 ‘quisquis
2194 4262 2249 4298 es
2267 4247 2293 4314 ',
2330 4246 2387 4299 id
2425 4248 2566 4318 quod

218 4323 331 4382 iam
366 4324 679 4380 Brissonius
715 4327 749 4379 1.
775 4327 810 4380 l.
847 4344 898 4401 p.
926 4330 1026 4384 744
1061 4335 1207 4385 recte
1245 4331 1587 4388 commonuit.
