3187 4930
1509 1420 1703 1485 Pars
1747 1419 2008 1500 prima.

1180 1575 1302 1671 De
1370 1534 1829 1671 salutandi
1890 1574 2335 1671 formulis,

591 1902 652 1970 Ι.
714 1903 819 1968 Ι)0
865 1901 1346 1984 appellatione
1394 1901 1469 1966 et
1512 1900 1925 1966 nominibus
1970 1900 2047 1965 in
2088 1902 2509 1984 appellando
2542 1903 2930 1984 usurpatis,

766 2040 920 2103 Cum
966 2038 1141 2102 inter
1186 2056 1403 2102 omnes
1451 2041 1706 2102 constet
1753 2038 2134 2117 quibusdam
2181 2039 2486 2119 gentibus
2531 2039 2722 2103 huius
2755 2044 2931 2103 aeta-

590 2142 694 2223 tis,
739 2141 1056 2221 imprimis
1098 2140 1568 2222 FrancogalliS‚
1614 2159 1852 2204 morem
1900 2158 2040 2205 esse
2083 2140 2333 2204 firmum
2381 2146 2448 2205 et
2494 2142 2932 2224 constitutum⁷

591 2249 665 2308 ut
720 2243 1012 2324 singulos
1067 2242 1323 2307 nomine
1367 2242 1627 2323 proprio
1673 2243 1781 2307 vel
1827 2243 2206 2307 nominatim
2252 2243 2568 2326 salutent,
2622 2263 2737 2308 nos
2782 2262 2932 2323 quo-

590 2365 735 2429 que,
797 2350 1117 2426 quatenus
1162 2346 1334 2426 apud
1377 2345 1701 2410 Romanos
1745 2345 1852 2409 hic
1893 2364 2029 2409 mos
2072 2346 2383 2428 valuerit,
2438 2366 2565 2411 non
2608 2346 2936 2425 inquirere

592 2469 720 2514 non
763 2467 1118 2529 possumus,

763 2552 861 2616 Ac
912 2551 1186 2632 primum
1244 2550 1498 2630 quidem
1545 2551 1883 2630 ‘quosdam
1928 2552 2178 2616 nom-ine
2224 2552 2632 2617 consalutare
2675 2551 2934 2632 religio-

592 2655 726 2719 sius
771 2653 1137 2734 putavisse'
1184 2672 1311 2747 non
1356 2655 1539 2717 modo
1579 2653 1834 2718 Plinius
1878 2653 1947 2717 in
1992 2654 2162 2719 Hist.
2195 2656 2423 2719 Natur.
2455 2654 2797 2737 (XXVIII,
2828 2654 2935 2737 23)

593 2757 940 2822 memoriae
994 2756 1293 2838 tradidit,
1351 2757 1463 2820 sed
1517 2756 1715 2820 etiam
1780 2775 1815 2820 e
1874 2757 2379 2821 salutationibus
2424 2758 2606 2839 ipsis,
2660 2776 2826 2835 quae
2869 2756 2937 2820 in

596 2860 894 2940 epistulis
955 2859 1197 2923 saturis
1259 2858 1601 2923 comoediis
1661 2863 1948 2941 exstant,
2006 2859 2200 2923 facile
2253 2859 2679 2939 intellegitur.
2768 2859 2939 2941 Quid

595 2964 763 3043 quod
816 2961 1069 3026 Plinius
1117 2963 1466 3044 (Panegyr.
1503 2964 1599 3042 13,
1651 2960 1780 3044 15),
1835 2961 2185 3026 Sallustius
2230 2961 2447 3044 (Catil.
2479 2962 2614 3044 59),
2670 2961 2938 3025 Tacitus

596 3066 864 3145 (Hister.
896 3065 946 3146 Ι,
979 3065 1085 3147 23)
1131 3065 1566 3127 Romanorum
1611 3064 1787 3128 viros
1832 3063 2122 3129 illustres
2170 3069 2236 3128 et
2280 3063 2528 3127 nobiles
2574 3064 2697 3127 hac
2738 3064 2938 3128 ambi-

594 3168 771 3231 tione
848 3185 916 3230 se
980 3165 1157 3246 plebi
1224 3171 1291 3229 et
1355 3165 1673 3230 militibus
1742 3166 2289 3231 commendavisse
2355 3170 2645 3230 narrant.
2763 3165 2940 3230 Satis

596 3269 980 3333 habebimus
1041 3270 1163 3331 duo
1225 3267 1519 3348 exempla
1580 3269 1810 3333 affere:
1879 3270 2071 3349 Apud
2131 3268 2510 3333 Petronium
2569 3268 2637 3331 in
2696 3272 2815 3332 sat.
2857 3269 2942 3330 44

596 3371 876 3436 Safinius
922 3371 1033 3434 ille
1078 3370 1388 3435 laudatur
1431 3371 1534 3435 his
1565 3372 1818 3436 verbis:
1865 3372 1956 3435 Et
1988 3391 2176 3450 quam
2210 3372 2527 3452 benignus
2558 3371 2940 3451 resalutare,
3021 3369 3024 3372 ’

595 3474 855 3538 1101111110
887 3473 1169 3536 omnium
1201 3475 1471 3537 reddere
1503 3478 1834 3553 tamquam
1867 3491 2030 3537 unus
2063 3474 2141 3536 de
2171 3473 2406 3537 nobis?
2472 3474 2564 3537 Et
2596 3471 2941 3537 Suetonius

595 3577 663 3640 in
723 3576 866 3641 vita
910 3576 1194 3656 Augusti
1240 3578 1320 3639 53
1366 3577 1712 3640 memoriae
1773 3575 2049 3640 tradidit
2093 3562 2550 3656 imperatorem
2596 3577 2664 3640 in
2708 3578 2942 3639 senatu

597 3679 884 3760 singulos
927 3682 1150 3757 patres
1196 3679 1371 3743 nullo
1418 3679 1900 3743 nomenclatore
1945 3679 2366 3743 submonente
2412 3678 2749 3742 salutasse.

768 3780 975 3861 Saepe
1027 3799 1376 3860 pronomen
1421 3781 1852 3860 possessivum
1899 3781 2141 3845 nomini
2187 3779 2482 3843 adicitur.
2572 3780 2754 3843 Haec
2797 3797 2942 3858 pro-

596 3883 858 3948 nomina
904 3885 985 3947 ad
1030 3884 1569 3947 necessitudinem
1618 3889 1684 3947 et
1728 3883 2244 3947 familiaritatem
2279 3881 2768 3962 significandam
2798 3899 2943 3960 per-

597 3986 870 4049 multum
924 3985 1140 4050 valere
1186 3988 1588 4050 demonstrat
1636 3986 1759 4050 Cic.
1793 3986 1976 4065 epist.
2024 3987 2105 4048 ad
2150 3984 2299 4048 fam.
2330 3984 2509 4066 XVI,
2545 3986 2727 4065 18,1:
2775 3982 2945 4065 Quid

597 4087 850 4168 igitur?
960 4089 1103 4152 Non
1161 4089 1254 4152 sic
1311 4087 1616 4168 oportet?
1733 4088 2050 4166 Equidem
2110 4105 2336 4150 censeo
2397 4087 2517 4151 sic:
2582 4087 2945 4150 addendum

599 4191 797 4255 etiam
852 4191 995 4254 ‘suo
1014 4190 1044 4254 ’.
1092 4228 1173 4235 —-
1220 4190 1611 4255 Accuratius
1656 4192 1758 4255 his
1805 4192 1882 4255 de
1927 4191 2122 4254 rebus
2169 4189 2533 4272 disputavit
2576 4191 2623 4254 J
2626 4190 2722 4254 oh.
2753 4187 2941 4270 Babl,

596 4293 700 4357 1.1.
732 4312 789 4373 p.
823 4295 1107 4358 20—22.
