3187 4930
586 288 667 353 26

585 461 811 542 generi
868 461 1314 543 formularum,
1376 464 1542 542 quod
1603 463 1856 543 antiqui
1913 464 2324 545 grammatici
2382 482 2540 529 voce
2585 461 2928 549 α’στεϊσμοί

585 562 1134 644 significaverunt.
1222 565 1685 630 Examinemus
1742 565 1811 629 in
1874 566 2000 631 alio
2062 567 2378 650 exemp10,
2439 567 2590 646 quid
2634 567 2756 633 hoc
2800 567 2929 631 sibi

584 665 765 730 velit.
852 665 1066 730 Plaut.
1098 668 1292 731 Mero.
1323 668 1444 731 367
1470 685 1517 731 s,
1562 668 1639 732 D.
1684 667 1872 732 Unde
1902 668 2162 748 incediS,
2208 669 2361 747 quid
2390 668 2681 752 festinas,
2727 674 2930 751 gnate

584 767 713 832 mi?
775 806 855 814 —
915 768 978 833 C.
1022 769 1228 834 Recte
1271 772 1477 849 pater.
1532 807 1615 814 —
1668 769 1745 834 D.
1791 770 1899 834 Ita
1943 770 2106 836 volo.
2154 809 2234 817 —
2279 770 2490 835 Filius
2534 770 2741 852 igitur
2787 790 2929 836 cum

583 875 838 951 patrem
884 871 1097 935 celare
1141 871 1329 954 velit,
1383 874 1552 936 unde
1597 872 1859 936 incedat
1904 877 1971 937 et
2017 872 2171 952 quid
2213 872 2507 956 festinet,
2553 873 2718 938 nihil
2764 874 2927 938 certi

584 974 963 1054 respondet,
1023 975 1136 1037 sed
1195 974 1434 1039 ‘recte'
1480 974 1656 1038 dicit.
1745 976 1949 1040 Pater
1993 975 2360 1040 dissimulat
2403 994 2472 1040 se
2510 977 2683 1040 hunc
2720 973 2929 1040 ἄστεϊ-

587 1091 752 1158 σμοῑυ
782 1074 1148 1155 perspicere
1194 1079 1261 1140 et
1306 1075 1473 1140 ‘Ita’
1518 1076 1732 1156 inquit
1777 1077 1951 1141 ‘volo
1970 1078 2001 1160 ’,
2046 1077 2113 1140 id
2157 1081 2281 1142 est:
2328 1078 2475 1143 volo
2520 1078 2644 1142 tibi
2684 1077 2931 1157 aliquid

584 1176 749 1241 recti
812 1213 897 1222 —
962 1196 1075 1242 seu
1141 1178 1293 1242 boni
1355 1215 1441 1223 —
1500 1178 1568 1242 in
1632 1178 1844 1243 animo
1906 1198 2062 1245 esse.
2124 1217 2205 1229 ——-
2265 1179 2420 1245 Alia
2478 1179 2773 1261 exempla
2832 1180 2929 1244 in-

584 1278 940 1343 veniuntur
984 1281 1128 1344 Ter.
1161 1280 1324 1345 Eun.
1357 1283 1505 1345 341:
1567 1299 1723 1362 rogo
1769 1282 2077 1360 numquid
2121 1280 2301 1347 velit.
2392 1281 2654 1346 ‘Recte'
2699 1282 2930 1362 inquit.

585 1381 762 1445 abe0.
823 1418 907 1428 —-
969 1382 1113 1446 Ter.
1144 1383 1399 1447 Phorm.
1435 1384 1553 1448 797
1582 1401 1655 1447 s:
1716 1384 1894 1466 Quor
1951 1384 2181 1466 nolleS,
2244 1384 2586 1448 Chremes?
2646 1422 2728 1430 -
2788 1385 2932 1449 Iam

584 1488 777 1548 recte.
1209 1492 1214 1496 ’

755 1586 881 1651 Sed
943 1589 1028 1651 ad
1085 1586 1248 1652 illud
1306 1588 1564 1671 ‘recte',
1624 1591 1792 1667 quod
1836 1589 1905 1652 in
1950 1589 2348 1654 salutatione
2391 1588 2686 1653 formulis
2729 1589 2931 1654 inter-

584 1688 905 1770 rogativis
977 1691 1347 1771 respondet,
1430 1691 1692 1755 minime
1774 1690 2063 1771 pertinet
2133 1691 2380 1756 Donati
2453 1691 2930 1772 interpretatio.

583 1792 784 1856 Immo
829 1811 984 1857 vero
1031 1793 1195 1857 nihil
1241 1794 1417 1858 aliud
1462 1793 1793 1875 significat
1837 1814 2029 1874 quam
2075 1795 2270 1859 ‘bene
2287 1795 2319 1876 ’,
2365 1796 2535 1874 quod
2579 1795 2766 1860 multi
2805 1796 2933 1860 loci

585 1896 1034 1959 demonstrant
1080 1896 1251 1979 (Ter.
1277 1898 1477 1961 Andr.
1503 1899 1655 1977 8043
1702 1897 1827 1961 Cic.
1875 1898 1957 1960 ad
1995 1898 2135 1961 Att.
2161 1898 2209 1979 I,
2238 1898 2298 1977 7;
2344 1899 2427 1962 ad
2471 1897 2620 1962 fam.
2643 1898 2760 1978 IX,
2785 1900 2931 1980 9,1;

586 1997 668 2061 ad
714 1996 933 2078 Quint.
979 1997 1057 2062 fr.
1089 1998 1296 2080 111,2,
1329 2000 1367 2063 3
1433 2036 1513 2044 -
1583 1999 1814 2064 Horat.
1845 2003 1968 2063 sat.
1998 1998 2083 2082 ΙΙ,
2115 2000 2171 2079 3,
2206 2001 2326 2063 162
2395 2037 2477 2046 ——
2542 2000 2708 2064 Plin.
2741 2000 2929 2081 epist.

584 2099 705 2181 ΙΙΙ,
741 2102 835 2181 17,
872 2104 931 2179 1;
990 2099 1190 2181 VI,2,
1226 2102 1355 2183 10),
1416 2101 1658 2181 optime
1718 2107 1935 2166 autem
1989 2101 2266 2166 omnium
2313 2102 2542 2167 Horat.
2576 2102 2760 2183 epist.
2791 2103 2841 2185 Ι,
2874 2105 2928 2181 8,

589 2202 667 2265 13
692 2220 762 2265 s:
822 2202 983 2266 Post
1040 2202 1203 2267 haec
1260 2209 1335 2266 ut
1392 2203 1642 2286 valeat,
1703 2222 1825 2283 quo
1886 2209 2070 2284 posto
2129 2222 2265 2268 rem
2323 2210 2514 2285 gerat
2575 2209 2643 2268 et
2687 2223 2780 2287 se,
2838 2205 2933 2270 Ut

584 2303 844 2384 placeat
902 2304 1149 2386 iuveni,
1215 2310 1627 2387 percontare,
1690 2309 1887 2385 atque
1947 2306 2213 2371 cohorti.
2315 2305 2385 2370 Si
2444 2305 2616 2370 dicet
2674 2306 2931 2390 ‘recte’,

584 2405 861 2487 primum
905 2409 1193 2490 gaudere
1237 2460 1250 2474 .
1283 2459 1341 2474 ..

644 2695 772 2762 Vl.
840 2697 945 2762 De
990 2696 1352 2781 formulis,
1400 2698 1659 2777 quibus
1706 2697 1991 2777 cognati
2038 2695 2150 2763 vel
2195 2697 2408 2763 amici
2456 2716 2546 2765 ex
2592 2699 2858 2765 itinere

1383 2800 1657 2866 reversi
1703 2799 2134 2865 salutantur.

758 2918 957 2983 Nemo
1003 2918 1366 3002 mirabitur,
1413 2920 1580 2999 quod
1625 2919 1816 2983 amici
1860 2918 1968 2984 vel
2014 2920 2293 3001 cognati,
2339 2920 2449 2999 qui
2494 2920 2604 2984 diu
2644 2939 2684 2985 a
2712 2921 2937 3001 patria

587 3020 820 3084 remoti
865 3026 1069 3103 erant,
1116 3021 1183 3084 in
1228 3022 1444 3085 reditu
1489 3021 1870 3103 diligentius
1908 3022 2314 3102 salutantum
2361 3023 2428 3086 id
2459 3041 2613 3087 vero
2662 3023 2935 3087 investi-

586 3122 851 3203 gatione
898 3123 1162 3204 dignum
1206 3123 1483 3206 videtur,
1530 3142 1683 3187 num
1729 3124 1866 3188 eius
1896 3143 2145 3204 quoque
2175 3124 2435 3206 generis
2465 3125 2938 3189 salutationum

586 3225 889 3305 propriae
933 3225 1251 3290 formulae
1297 3227 1468 3307 apud
1510 3226 1835 3291 Romanos
1880 3226 2027 3291 sint.

758 3327 816 3392 E
883 3346 1122 3408 magna
1187 3329 1372 3409 eopia
1439 3328 1876 3409 exemplorum
1942 3329 2098 3394 licet
2163 3330 2325 3394 haec
2390 3349 2599 3410 pauca
2667 3330 2936 3395 afferre:

587 3428 802 3493 Plaut.
834 3429 1020 3510 Epid.
1053 3432 1197 3509 (isq.
1245 3432 1315 3494 T.
1377 3430 1588 3495 Salve.
1634 3468 1720 3476 —
1763 3431 1837 3495 E.
1884 3431 1970 3495 Di
2025 3433 2179 3495 dent
2224 3450 2391 3510 quae
2435 3432 2618 3497 velis
2692 3431 2938 3497 Venire

588 3532 836 3597 salvom
896 3534 1162 3615 gaudeo
1218 3571 1304 3579 —
1363 3535 1433 3598 T.
1480 3533 1650 3615 Quid
1711 3532 2044 3598 ceterum?
2140 3534 2215 3598 Ε.
2278 3533 2462 3615 Quod
2521 3553 2594 3598 eo
2657 3533 2938 3599 adsolet:

590 3654 750 3700 cena
806 3635 930 3700 tibi
977 3636 1256 3700 dabitur.
1329 3673 1396 3681 —
1474 3636 1546 3700 T.
1607 3636 1916 3716 Spondeo.
1983 3673 2068 3681 —
2133 3636 2208 3700 E.
2269 3635 2485 3716 Quid?
2546 3673 2631 3681 —
2700 3638 2769 3701 T.
2827 3636 2940 3701 Me

590 3742 1036 3821 accepturum,
1113 3738 1168 3802 si
1235 3738 1436 3802 dabis,
1511 3775 1597 3783 —-
1670 3738 1745 3803 Ε.
1806 3738 1977 3820 Quid
2043 3742 2116 3803 tu
2183 3738 2348 3819 agiS,
2416 3740 2490 3801 ut
2557 3737 2787 3803 vales?
2852 3774 2940 3785 -

590 3840 788 3905 Stich.
821 3842 943 3904 583
963 3860 1051 3919 sq.
1149 3840 1229 3905 H.
1285 3840 1337 3905 O
1397 3844 1660 3921 sperate
1720 3841 2083 3923 Pamphile,
2153 3859 2187 3903 o
2248 3858 2393 3921 spes
2453 3858 2620 3921 mea,
2680 3839 2732 3904 O
2791 3858 2942 3905 mea

589 3941 761 4024 vita,
821 3961 855 4006 o
916 3961 1060 4007 mea
1118 3942 1446 4026 voluptaS,
1505 3943 1719 4024 salve3
1785 3942 2033 4007 salvom
2092 3943 2341 4022 gaudeo
2401 3943 2689 4023 Peregre
2747 3947 2815 4006 te
2865 3942 2942 4007 in

588 4044 871 4125 patriam
901 4045 1187 4110 rediisse.
1231 4083 1315 4091 —
1360 4046 1430 4110 P.
1491 4045 1689 4110 Salvo
1721 4045 1920 4127 salve,
1952 4044 2295 4110 Gelasime.
2342 4083 2422 4091 —
2466 4045 2547 4109 H.
2602 4043 2941 4109 Valuistin

588 4147 800 4211 bene?
859 4184 941 4191 —
1001 4149 1071 4212 P.
1131 4148 1580 4213 Sustentatum
1641 4154 1742 4212 est
1800 4147 2038 4212 sedulo
2096 4184 2182 4192 —
2239 4147 2319 4212 H.
2373 4147 2620 4228 Edepol
2666 4148 2940 4229 gaudeO.

587 4249 838 4334 Edepol
883 4268 965 4314 116
1009 4269 1127 4336 ego
1173 4268 1343 4316 nunc
1386 4250 1545 4317 mihi
1588 4250 1979 4319 medimnum
2022 4249 2202 4319 mille
2247 4268 2385 4318 esse
2427 4249 2688 4337 argenti
2717 4248 2938 4318 velim.
