3187 4930
1142 1443 1334 1507 Pars
1379 1443 1729 1506 secunda.

807 1594 929 1691 De
995 1593 1571 1692 valedicendi
1634 1595 2081 1690 formulis,

1333 1788 1538 1795 ———

433 1919 526 1985 Ut
579 1920 1042 1985 salutationem
1094 1919 1164 1984 in
1208 1925 1345 1984 tres
1390 1925 1617 2000 partes
1662 1919 1867 1985 dividi
1912 1919 2214 2002 vidimus,
2268 1919 2368 1984 ita
2412 1919 2611 1985 etiam

254 2021 608 2087 valedictio
648 2023 861 2087 tribus
893 2022 1192 2101 partibus
1235 2022 1548 2087 consistit.
1618 2023 1910 2087 Primum
1941 2022 2013 2103 is,
2061 2022 2170 2101 qui
2205 2023 2610 2102 colloquendi

260 2124 453 2189 finem
520 2124 739 2188 facere
806 2123 976 2206 vult,
1045 2125 1242 2189 alteri
1307 2125 1374 2188 id
1440 2125 1769 2206 significat
1833 2144 1951 2205 per
2015 2124 2611 2209 interrogationem,

261 2227 572 2305 numquid
627 2227 805 2290 aliud
848 2227 1028 2292 velit.
1116 2228 1258 2292 Hoc
1303 2228 1487 2310 signo
1535 2228 1687 2291 dato
1734 2228 1919 2306 quasi
1967 2245 2047 2291 ex
2092 2228 2439 2307 composito
2486 2228 2610 2292 dis-

264 2330 468 2395 cessio
513 2331 617 2394 fit:
679 2331 790 2409 qui
833 2330 1283 2411 interrogatur
1326 2332 1664 2413 valedicit,
1692 2357 1696 2360 >
1720 2331 1892 2395 alter
1934 2333 2296 2412 respondet.
2384 2331 2611 2397 Facile

264 2432 586 2513 quispiam
617 2432 810 2515 dicat,
841 2434 1012 2498 hanc
1042 2433 1542 2500 valedictionem
1572 2471 1656 2480 —
1688 2433 2002 2515 imprimis
2032 2434 2612 2517 interrogationem

257 2538 272 2569 ‘
296 2536 606 2615 numquid
651 2536 830 2601 aliud
875 2536 1056 2602 vis'?²
1099 2576 1186 2582 —
1230 2539 1455 2602 duram
1504 2542 1701 2617 atque
1746 2537 2165 2602 inhumanam
2212 2537 2453 2619 videri3
2490 2541 2612 2622 ,sed

259 2638 558 2717 exempla
589 2640 1038 2703 demonstrant
1069 2640 1239 2704 hanc
1267 2639 1469 2705 fuisse
1508 2639 1780 2704 formam
1812 2640 2122 2704 usitatam
2156 2641 2611 2705 valedictionis

255 2741 615 2821 Romanae,
684 2760 849 2820 quae
918 2760 999 2806 ne
1068 2747 1205 2806 tum
1276 2742 1530 2822 quidem
1591 2742 1837 2807 offensa
1896 2748 2019 2825 est,
2086 2743 2142 2807 si
2210 2743 2353 2822 quis
2420 2743 2612 2808 amici

256 2843 517 2907 visendi
579 2862 777 2908 causa
843 2845 1122 2909 alienam
1195 2846 1447 2910 domum
1515 2849 1807 2909 venerat.
1904 2846 2139 2925 Itaque
2205 2846 2611 2911 valedicendi

253 2943 572 3009 formulae
617 2945 716 3009 ita
760 2945 917 3008 mihi
964 2946 1205 3024 optime
1248 2946 1648 3025 pertractari
1694 2946 2027 3029 videntur,
2083 2951 2158 3010 ut
2201 2947 2479 3026 primum
2524 2949 2606 3011 de
2678 2986 2682 2990 -

254 3045 533 3110 formula
596 3046 936 3126 ‘numquid
989 3047 1187 3130 visP’,
1249 3048 1480 3112 deinde
1541 3050 1619 3112 de
1678 3048 1959 3129 propriis
2013 3049 2421 3113 valedicendi
2479 3049 2606 3114 for-

254 3148 448 3212 mulis
493 3149 879 3228 disputetur.

800 3454 862 3520 Ι.
930 3455 1035 3521 De
1081 3455 1396 3521 formula
1444 3456 1831 3536 ‘numquid
1875 3457 2058 3522 visl’

429 3592 726 3656 Donatus
760 3593 842 3655 ad
873 3592 1131 3656 Terent.
1158 3593 1429 3672 Adelph.
1454 3593 1574 3674 III,
1601 3595 1655 3675 3,
1682 3595 1761 3657 78
1795 3594 1956 3658 haec
1987 3595 2283 3659 adnotat:
2325 3600 2605 3660 mentem

257 3694 445 3758 vobis
500 3694 828 3758 meliorem
877 3694 1021 3758 dari
1063 3693 1234 3778 πρὸς
1276 3694 1357 3759 τὸ
1402 3696 1713 3774 numquid
1758 3696 1906 3761 vis?
1966 3699 2312 3777 respondet
2358 3699 2606 3779 agresti

253 3795 577 3878 veritate3
639 3816 788 3861 nam
843 3799 1355 3878 respondendum
1403 3801 1548 3862 erat
1595 3799 1832 3863 ‘recte'
1880 3803 1996 3863 aut
2042 3800 2297 3864 ‘valeas
2314 3801 2343 3864 '.
2390 3838 2468 3846 -—
2516 3801 2608 3865 Et

256 3898 428 3962 idem
475 3899 772 3963 Donatus
819 3902 902 3964 ad
947 3901 1207 3965 Terent.
1238 3901 1403 3965 Eun.
1435 3901 1529 3982 II,
1562 3902 1618 3982 3,
1652 3904 1763 3965 50:
1825 3903 2010 3983 ‘rogo
2057 3903 2366 3983 numquid
2410 3902 2605 3969 velit’

257 4001 380 4065 hoc
425 4007 557 4065 est:
605 4002 894 4083 significo
942 4022 1042 4067 me
1089 4003 1302 4083 abire3
1348 4022 1499 4067 nam
1546 4003 1808 4084 abituri,
1855 4023 1935 4068 ne
1980 4005 2047 4068 id
2092 4006 2251 4069 dure
2294 4005 2605 4090 facerent,

256 4103 599 4182 ‘numquid
642 4104 823 4168 vis‘?’
870 4106 1175 4171 dicebant
1220 4106 1336 4186 his,
1383 4106 1760 4185 quibuscum
1807 4107 2269 4172 constitissent.

426 4205 724 4269 Donatus
778 4206 985 4286 igitur
1027 4208 1302 4288 primum
1349 4214 1527 4273 recte
1573 4210 1876 4273 admonet
1922 4228 2064 4274 eam
2109 4212 2605 4294 responsionem,

258 4327 422 4389 quae
468 4308 536 4373 in
583 4309 844 4374 Terent.
876 4310 1149 4391 Adelph.
1182 4313 1305 4375 432
1354 4313 1563 4394 datur,
1612 4330 1651 4375 a
1695 4312 2026 4376 sententia
2069 4312 2605 4395 interrogationis
