3187 4930
580 320 664 383 44

583 491 750 555 ‘tam
789 491 1104 572 gratiast'
1150 491 1312 556 nihil
1345 491 1678 557 continere
1722 492 1971 573 possint
2016 492 2142 556 nisi
2186 493 2488 576 gratiam,
2535 512 2701 572 quae
2746 514 2945 560 recu-

582 593 823 657 sationi
867 594 1228 674 opponitur.
1293 594 1596 658 Alterum
1642 594 2019 678 exemplum,
2051 595 2217 658 Men.
2249 596 2372 658 387
2392 613 2455 677 s,
2488 595 2709 659 eodem
2742 599 2941 663 modo

582 714 710 759 non
764 696 975 760 minus
1021 698 1343 760 commode
1390 697 1771 776 explicatur.
1859 697 2097 761 Restat
2141 696 2426 779 tertium,
2474 698 2703 762 Pseud.
2735 700 2864 763 713
2886 718 2937 764 s,

580 799 723 862 Hoc
751 798 888 863 loco
920 798 1199 863 formula
1244 800 1414 863 ‘tam
1459 799 1775 880 gratiast’
1822 819 1947 864 non
1993 799 2196 863 solum
2238 799 2540 882 gratiam,
2582 801 2694 864 sed
2724 801 2936 866 etiam

581 900 1055 964 recusationem
1098 900 1511 966 invitationis
1557 900 1863 984 continet,
1911 903 2077 981 quod
2107 902 2313 966 verba
2358 901 2533 966 ‘nolo
2574 902 2700 966 tibi
2728 903 2931 968 mole-

581 1006 716 1066 stos
747 1021 887 1067 esse
918 1003 1061 1067 nos’
1108 1003 1270 1067 satis
1317 1004 1779 1067 demonstrant.
1855 1003 2019 1067 Eam
2066 1021 2200 1067 rem
2245 1021 2362 1083 per
2407 1003 2686 1083 ellipsim
2728 1004 2934 1070 facile

583 1104 898 1185 explicari
953 1105 1094 1185 quis
1149 1110 1249 1169 est
1303 1105 1412 1184 qui
1471 1104 1709 1187 neget?
1796 1105 2074 1185 Propria
2131 1105 2474 1169 recusandi
2517 1105 2796 1170 formula
2839 1146 2928 1154 —

580 1206 771 1270 ‘bene
815 1208 1039 1272 vocas'
1084 1208 1191 1271 vel
1236 1208 1552 1272 ‘locatast
1596 1206 1823 1288 opera’
1875 1246 1959 1251 —
2011 1207 2341 1289 reticetur,
2389 1207 2542 1287 quia
2582 1209 2927 1288 unusquis-

583 1327 705 1386 que
748 1309 943 1373 facile
988 1328 1130 1374 eam
1174 1311 1474 1390 supplere
1516 1313 1750 1390 potest.

751 1411 991 1475 Postea
1036 1412 1325 1476 homines
1371 1412 1649 1492 ellipsim
1695 1412 1763 1475 in
1809 1412 1932 1476 hac
1975 1411 2254 1475 formula
2297 1412 2428 1476 iam
2473 1432 2600 1477 non
2645 1414 2929 1480 sensisse

581 1531 709 1576 uon
768 1531 1095 1594 negamus.
1185 1514 1359 1578 Luce
1423 1514 1662 1578 clarius
1717 1519 1817 1578 est
1871 1531 1978 1577 eos
2031 1532 2252 1579 vocem
2307 1514 2506 1579 ‘tam'
2552 1519 2627 1579 ut
2670 1534 2930 1596 semper

580 1614 678 1678 ita
722 1615 790 1678 in
836 1615 960 1679 hac
1002 1616 1281 1680 formula
1328 1618 1910 1682 demonstrativum
1958 1636 2098 1707 esse
2145 1617 2523 1682 adverbium
2569 1618 2928 1698 putavisse.

581 1717 764 1799 Quod
787 1717 1049 1781 minime
1079 1718 1444 1782 inauditum
1477 1736 1633 1802 esse,
1665 1719 2093 1802 Ladewigiil)
2127 1723 2194 1783 et
2215 1719 2626 1803 Ribbeckii2)
2659 1739 2928 1801 scrupu-

579 1819 676 1882 los
721 1838 925 1885 vanos
972 1839 1127 1903 esse,
1174 1839 1301 1885 non
1347 1822 1530 1884 modo
1576 1821 1786 1885 multa
1830 1821 2224 1886 vernaculae
2267 1822 2532 1904 linguae
2579 1823 2928 1908 analogass)

579 1923 1042 2004 demonstrant,
1087 1924 1199 1987 sed
1245 1924 1444 1987 etiam
1491 1923 1785 2004 exempla
1829 1924 2146 1988 Italorum
2192 1929 2259 1989 et
2287 1924 2769 2008 Britannorum,
2816 1927 2932 2004 qui

578 2025 872 2089 formulis
919 2025 1163 2089 ‘thank
1208 2044 1336 2106 you
1381 2047 1450 2089 so
1498 2026 1722 2090 much'
1769 2031 1836 2090 et
1883 2032 2085 2090 ‘tante
2128 2026 2382 2109 grazie’
2426 2028 2681 2108 gratias
2726 2047 2931 2109 agere

577 2127 804 2192 solent.

753 2351 793 2418 ¹)
831 2349 1091 2404 Zeitschr.
1120 2351 1156 2402 f.
1182 2350 1872 2404 Altertumswissenschaft
1908 2353 2058 2418 1872,
2096 2367 2145 2418 p.
2174 2353 2321 2407 1070.

749 2438 770 2469 2

751 2438 794 2588 ³3
828 2435 934 2574 {Els
961 2436 1130 2574 lstaffid
1167 2521 1225 2573 in
1261 2522 1410 2575 alten
1448 2521 1639 2574 Zeiten
1676 2522 1763 2574 ein
1800 2522 1992 2575 Schloss
2029 2539 2085 2575 so
2121 2522 2257 2575 hoch
2293 2523 2403 2575 und
2441 2523 2603 2576 hehr.'
