3187 4930
2506 323 2586 386 37

232 493 299 557 si
346 492 634 557 concedes
680 490 937 575 (Horat.
973 490 1157 571 epist.
1189 491 1237 573 Ι,
1273 492 1326 572 7,
1355 490 1484 575 13),

233 595 300 659 si
334 593 713 676 permiseris
758 592 952 676 (Plin.
986 592 1171 673 epist.
1205 592 1286 656 ἃᾶ
1331 592 1595 657 Traian.
1626 593 1763 677 98);

232 696 299 761 si
349 696 465 760 tibi
504 716 693 779 yrave
736 717 863 758 non
908 696 1026 758 erit
1072 694 1224 778 (016.
1272 696 1355 759 ἃᾶ
1400 694 1548 759 fam.
1579 695 1767 778 XHI,
1800 696 1986 777 73,2;
2046 695 2123 761 cf.
2177 715 2259 761 ne
2304 716 2588 779 gravare

544 797 760 863 Plaut.
815 796 1014 862 Stich.
1073 799 1216 862 186:
1292 796 1417 861 016.
1479 799 1559 861 ad
1628 797 1776 862 fam.
1821 798 1937 880 XI,
1971 799 2026 881 7,
2059 803 2123 879 3,
2191 799 2356 864 Plin.
2403 800 2588 880 epist.

551 900 732 982 VIII,
770 898 1022 982 18,11);

232 1001 376 1065 nisi
430 1002 583 1082 quid
635 1007 691 1065 te
732 1001 991 1065 distinet
1050 1000 1306 1084 (Horat.
1355 1000 1539 1081 epist.
1571 1001 1622 1081 Ι,
1653 1002 1708 1083 2,
1734 1003 1771 1064 5
1839 1038 1922 1047 —
1989 1002 2066 1066 cf.
2126 1002 2355 1066 Horat.
2403 1002 2589 1082 epist.

552 1104 601 1186 Ι,
648 1106 702 1186 5,
742 1106 847 1169 27,
923 1103 1050 1167 nisi
1117 1121 1276 1168 cena
1342 1103 1520 1184 prior
1586 1103 1925 1183 potiorque
1982 1105 2212 1184 puella
2278 1104 2588 1169 Sabinum

550 1206 851 1290 detinet);

232 1309 376 1373 nisi
423 1314 478 1372 te
521 1309 905 1390 inmedivisti
949 1308 1102 1392 (016.
1151 1310 1233 1372 ἃᾶ
1279 1309 1417 1372 Att.
1448 1308 1635 1391 XIII,
1667 1310 1837 1390 47A,
1873 1308 1962 1390 1);

234 1412 376 1475 nisi
420 1411 573 1492 quid
618 1417 684 1474 tu
729 1413 1031 1476 dissentis
1078 1410 1334 1495 (Horat.
1367 1415 1486 1476 sat.
1518 1411 1605 1494 ΙΙ,
1641 1414 1692 1494 1,
1720 1412 1853 1495 78),

235 1514 305 1577 si
348 1514 735 1577 commodum
781 1513 974 1596 (Plin.
1008 1514 1191 1592 epist.
1222 1514 1344 1594 ΙΙΙ,
1376 1515 1431 1595 5,
1457 1515 1522 1594 4,
1577 1512 1655 1577 cf.
1703 1500 1804 1577 est
1848 1513 2283 1578 commodum?
2372 1514 2586 1579 Plaut.

552 1612 749 1678 Stich.
785 1614 957 1697 186),

235 1718 304 1781 si
346 1718 465 1781 erit
509 1717 895 1781 commodmn
941 1716 1094 1801 (016.
1142 1719 1225 1782 ἃᾶ
1269 1718 1409 1782 Att.
1441 1717 1552 1800 IV,
1583 1719 1721 1800 4A,
1752 1720 1815 1798 2,
1862 1719 2012 1801 XII,
2046 1720 2144 1801 41,
2171 1718 2261 1801 4),

234 1821 302 1883 si
347 1825 452 1883 tuo
496 1820 810 1884 commodo
850 1820 992 1901 fieri
1023 1820 1237 1901 possit
1283 1819 1437 1904 (016.
1485 1822 1567 1885 ἃᾶ
1613 1821 1869 1902 Att.11‚
1904 1823 1999 1897 17,
2024 1820 2117 1903 3);

235 1922 303 1986 si
345 1922 659 1986 commodo
702 1922 1084 1986 valetudinis
1132 1928 1276 1986 tuae
1310 1923 1453 2004 fieri
1480 1923 1692 2003 possit
1725 1922 1879 2005 (016.
1913 1924 1994 1986 ἃᾶ
2025 1921 2173 1987 fam.
2205 1923 2383 2004 XVI,
2419 1921 2587 2003 1,1);

232 2024 374 2087 nisi
419 2025 533 2087 tibi
576 2029 666 2087 est
712 2023 1169 2087 ‘incommodum
1216 2023 1459 2105 (Plauti.
1492 2025 1680 2088 Most.
1713 2025 1891 2105 807);

235 2133 346 2189 tuo
393 2127 706 2191 commodo
752 2125 905 2209 (016.
954 2127 1036 2189 ἃᾶ
1081 2126 1220 2189 Att.
1252 2126 1440 2208 XIII,
1473 2128 1571 2208 48,
1604 2126 1687 2209 1);

232 2251 368 2292 non
412 2230 544 2292 nisi
588 2235 692 2292 tuo
736 2251 967 2309 magma
1012 2229 1326 2293 commodo
1372 2229 1525 2313 (016.
1574 2230 1657 2292 ἃᾶ
1706 2230 1841 2293 Att.
1874 2228 2062 2308 XIII,
2094 2227 2311 2312 27,1);

232 2352 366 2394 non
410 2332 541 2393 nise?
584 2332 862 2394 maximo
909 2336 1012 2393 tuo
1057 2333 1370 2394 commodo
1418 2332 1571 2413 (016.
1621 2332 1703 2395 ἃᾶ
1749 2331 1968 2412 Quint.
2000 2330 2078 2395 fr.
2109 2330 2229 2412 III,
2262 2333 2317 2412 9,
2342 2329 2436 2412 9);
2505 2372 2507 2374 v

230 2453 348 2497 nee
393 2432 462 2496 id
506 2433 888 2498 inconmodo
936 2437 1039 2498 tuo
1086 2432 1241 2517 (016.
1289 2434 1370 2497 ad
1416 2434 1555 2498 Att.
1587 2432 1740 2516 XII,
1771 2434 1871 2516 46,
1897 2431 1989 2517 2);

233 2536 407 2618 quod
450 2537 762 2601 commodo
810 2542 913 2601 tuo
956 2539 1164 2618 facere
1206 2538 1445 2617 poteris
1491 2535 1646 2620 (Cic.
1695 2538 1777 2599 ad
1821 2536 1961 2600 Att.
1992 2537 2042 2617 I,
2075 2535 2251 2618 4,1);

233 2642 668 2719 quantumque
714 2644 819 2701 tuo
865 2641 1177 2702 commodo
1214 2640 1459 2718 poteris
1505 2637 1660 2721 (016.
1709 2640 1791 2701 ἃᾶ
1834 2637 1984 2701 fam.
2015 2638 2201 2720 XIII,
2229 2641 2308 2703 69
2332 2638 2420 2722 a);

238 2740 412 2821 quod
479 2745 583 2803 tuo
648 2740 962 2804 commodo
1024 2741 1144 2823 fiat
1217 2739 1371 2824 (016.
1433 2742 1516 2805 ἃᾶ
1582 2741 1722 2804 Att.
1769 2740 1946 2822 XIV,
1993 2743 2096 2823 16,
2129 2740 2222 2824 4),
2292 2742 2375 2805 ad
2440 2739 2589 2805 fam.

546 2842 658 2925 IV,
690 2845 745 2925 2,
770 2841 863 2924 4),

236 2945 408 3027 quod
453 2946 764 3009 commodo
809 2946 1191 3010 valetudinis
1239 2952 1382 3010 tuae
1423 2947 1543 3028 fiat
1589 2944 1744 3028 (016.
1793 2944 1875 3008 ἃᾶ
1918 2943 2068 3008 fam.
2099 2944 2279 3023 XIV,
2311 2945 2485 3027 5,1);

235 3046 408 3128 quod
436 3049 749 3112 commodo
783 3053 886 3112 tuo
913 3049 1058 3130 fieri
1074 3050 1288 3129 possit
1327 3049 1483 3133 (016.
1517 3050 1601 3112 ἃᾶ
1632 3049 1779 3112 fam.
1811 3047 1932 3130 ΙΙΙ,
1965 3049 2020 3131 5,
2043 3049 2109 3128 4,
2155 3048 2341 3129 XIII,
2373 3050 2470 3130 26,
2496 3048 2590 3131 2);

236 3149 305 3212 si
344 3151 509 3231 forte
552 3172 679 3213 non
723 3151 1053 3213 molestum
1099 3156 1190 3213 est
1236 3150 1498 3232 (Catull.
1533 3149 1750 3231 55,1);

233 3250 373 3314 nisi
416 3250 743 3314 molestum
789 3256 880 3313 est
926 3249 1165 3333 (Plaut.
1199 3250 1375 3315 Trin.
1407 3250 1587 3332 932),

237 3353 408 3434 quod
459 3353 596 3416 sine
640 3352 928 3416 molestia
975 3358 1086 3417 tua
1117 3355 1336 3435 faeere
1376 3355 1590 3432 possis
1645 3343 1799 3437 (016.
1848 3357 1930 3420 ἃᾶ
1973 3355 2121 3419 fam.
2153 3354 2341 3436 XIII,
2374 3356 2471 3436 35,
2497 3353 2591 3438 2),

237 3456 407 3537 quod
450 3456 587 3519 sine
631 3455 921 3518 molestia
968 3462 1077 3520 tua
1120 3459 1329 3539 facere
1362 3458 1610 3537 poteris
1657 3458 1810 3540 (016.
1859 3460 1942 3521 ἃᾶ
1986 3459 2126 3522 Att.
2156 3459 2207 3539 I,
2241 3459 2294 3538 5,
2321 3456 2412 3539 7),

237 3558 408 3638 quod
449 3559 588 3621 sine
631 3557 917 3621 molestia
967 3563 1075 3621 tua
1117 3559 1237 3639 fiat
1282 3557 1435 3642 (016.
1484 3560 1565 3622 ἃᾶ
1611 3558 1760 3623 fam.
1793 3559 1971 3640 XIII,
2003 3562 2068 3640 2,
2114 3561 2212 3638 23,
2237 3563 2328 3638 2),

224 3679 395 3741 pace
440 3665 550 3723 tua
609 3660 896 3743 (Terent.
929 3659 1093 3724 Eun.
1125 3662 1265 3724 466.
1374 3661 1611 3725 Donat.
1680 3663 1760 3725 ad
1826 3661 1998 3725 hune
2063 3661 2298 3725 locum:
2366 3660 2589 3742 ‘pace’

551 3767 666 3826 aut
712 3763 934 3844 gratia
980 3768 1095 3827 aut
1139 3763 1497 3828 voluntate.
1566 3768 1634 3827 et
1680 3765 1862 3827 deest
1908 3782 2065 3828 eum.
2113 3801 2192 3808 —
2237 3764 2498 3827 Petron.
2531 3765 2585 3827 2.

550 3864 673 3928 016.
721 3865 804 3928 ad
847 3864 996 3930 fam.
1028 3865 1174 3947 VII,
1212 3865 1425 3948 17,1),

238 3968 426 4031 salva
470 3969 908 4049 maynitndine
953 3975 1063 4032 tua
1110 3968 1303 4052 (Plin.
1337 3969 1522 4049 epist.
1555 3972 1639 4033 ad
1684 3969 1945 4033 'Pi-aian.
1979 3969 2183 4050 31,1).

239 4171 364 4235 His
424 4172 718 4236 omnibus
777 4173 1071 4239 formulis
1131 4175 1196 4237 id
1257 4193 1586 4238 commune
1648 4181 1772 4256 est,
1834 4181 1908 4238 ut
1968 4175 2051 4256 ei,
2115 4174 2223 4252 qui
2286 4175 2590 4237 adhorta-

239 4272 479 4337 tionem
544 4273 650 4338 vel
711 4274 1047 4357 imperium
1110 4277 1216 4342 vel
1275 4276 1733 4342 invitationem
1795 4276 2058 4357 accipit,
2117 4275 2375 4340 veniam
2436 4276 2591 4338 dare
