3187 4930
583 289 791 351 28*

581 461 762 522 sunt:
826 458 1178 522 valuistin?
1242 457 1484 539 (Plaut.
1519 456 1698 520 Cure.
1735 457 1844 537 163
1906 454 2082 519 Trin.
2116 454 2259 537 50);
2318 452 2625 518 valuistin
2682 454 2936 535 usque?

581 559 840 644 (Amph.
872 563 1026 641 6793
1086 560 1286 624 Stich.
1316 557 1500 642 467);
1558 559 1793 640 asquia
1845 556 2154 632 valuisti?
2201 556 2417 641 (Most.
2449 556 2635 640 449);
2701 557 2937 621 benene

579 683 775 744 usque
803 663 1067 727 valuisti
1085 662 1115 726 ⁴?
1148 662 1362 745 (Epid.
1398 663 1541 741 1293
1574 660 1650 725 ef.
1682 660 1915 724 Bacch.
1941 661 2098 723 248:
2129 660 2378 723 benene
2409 677 2611 737 usque
2643 657 2853 722 valuit
2867 658 2930 742 P)

582 801 663 810 —-
692 765 1051 829 Praeterea
1083 766 1252 845 apud
1282 765 1588 828 Plautum
1622 762 1904 827 occurrit
1932 761 2213 826 formula
2242 761 2501 826 ‘benene
2530 761 2932 825 ambulatum

581 866 744 931 estP’
776 866 991 950 (True.
1017 866 1187 950 369),
1234 885 1399 946 quae
1443 866 1685 946 optime
1730 864 2054 930 consentit
2100 882 2243 927 eum
2287 862 2598 945 formulis3
2644 881 2812 943 quae
2854 863 2931 928 in

578 969 998 1034 valedicendo
1030 988 1486 1048 nonnunquam
1518 973 1945 1049 usurpantur:
1986 967 2180 1031 ‘bene
2215 966 2505 1030 ambula’
2538 965 2748 1048 (Asin.
2781 968 2931 1048 1083

582 1072 719 1135 Cas,
745 1074 900 1152 5263
945 1072 1080 1136 Mil.
1107 1074 1262 1152 9363
1309 1072 1496 1136 Most.
1522 1070 1674 1153 853)
1721 1071 1828 1135 vel
1873 1071 2068 1135 ‘bene
2115 1068 2477 1134 ambulato’
2525 1068 2734 1152 (Capt.
2765 1072 2929 1151 4523

580 1174 769 1255 Epid.
799 1176 954 1255 3773
999 1175 1195 1238 Μο10.
1227 1176 1383 1255 3273
1427 1175 1607 1238 Pers,
1642 1172 1766 1256 50).

482 1300 485 1303 ¹
752 1276 947 1356 Sequi
1001 1276 1168 1341 solet
1220 1276 1528 1341 invitatio
1580 1276 1671 1339 -ad
1724 1293 1963 1339 cenam.
2053 1274 2220 1339 Nam
2266 1277 2367 1338 est
2411 1291 2545 1337 mos
2589 1273 2811 1337 firmus
2857 1278 2930 1338 et

584 1378 977 1456 constitutus
1034 1378 1205 1458 apud
1248 1378 1596 1459 RomanOS,
1657 1382 1731 1440 ut
1783 1376 1862 1458 is,
1924 1376 2033 1455 qui
2088 1374 2363 1439 amicum
2416 1374 2525 1440 vel
2578 1379 2930 1456 cognatum

583 1481 834 1544 domum
866 1499 1199 1545 reversum
1243 1481 1518 1561 primum
1564 1480 1831 1560 salutat,
1875 1477 2101 1543 statim
2148 1497 2291 1542 eum
2337 1479 2420 1541 ad
2465 1495 2688 1542 cenam
2718 1482 2929 1542 vocet.

583 1582 832 1665 Quibus
884 1583 1178 1647 formulis
1230 1582 1351 1647 hoe
1402 1582 1543 1661 fiat,
1604 1582 1673 1645 in
1724 1580 1923 1646 tertio
1968 1580 2159 1644 huius
2206 1578 2665 1659 disputationis
2710 1579 2931 1659 eapite

584 1687 1027 1766 exponendum
1072 1685 1215 1750 erit.
