3187 4930
2455 316 2533 383 17

187 491 420 558 sentio,
445 531 526 538 -
551 491 729 557 Asin.
754 491 877 556 592
902 510 948 555 s.
982 492 1060 555 A.
1075 488 1257 555 Vale.
1282 527 1362 535 —
1387 489 1504 553 Ph.
1528 488 1886 569 Aliquanto
1919 487 2194 569 amplius
2232 489 2536 570 valerem,

187 595 249 659 si
291 595 401 659 hic
446 611 758 658 maneres

368 697 494 760 Cur
523 694 767 760 ‘salve’
814 693 1165 775 salutandi,
1193 691 1404 758 ‘vale’
1435 692 1846 757 valedicendi
1888 691 2168 757 formula
2211 692 2300 757 sit
2343 692 2538 776 facta,

188 799 307 865 vix
353 799 690 879 quisquam
736 797 950 862 dicere
994 796 1229 877 possit3
1283 795 1520 860 sensim
1566 799 1824 860 tantum
1869 801 1938 860 et
1980 794 2325 876 paullatim
2369 796 2541 860 hunc

190 920 378 966 usum
409 900 887 966 inveteravisse
918 899 1067 963 inde
1098 897 1478 963 concludere
1507 898 1681 980 licet,
1721 899 1889 977 quod
1919 916 1999 962 ne
2029 897 2254 961 Plauti
2285 898 2550 977 quidem

189 1002 597 1084 temporibus
662 1002 1024 1066 inauditum
1092 1005 1193 1066 est
1257 1001 1626 1065 valedicere
1690 1019 1807 1080 per
1871 999 2214 1064 formulam
2281 999 2494 1065 ‘salve
2509 1000 2540 1065 ’.

194 1106 394 1170 Cuius
449 1105 546 1169 rei
605 1105 913 1185 optimum
968 1103 1408 1169 testimonium
1469 1103 1817 1167 afferamus
1869 1103 2085 1167 Plaut.
2126 1102 2306 1167 Asin.
2347 1105 2469 1168 592
2495 1122 2564 1167 ss

192 1209 271 1272 A.
306 1208 489 1272 Vale.
534 1245 617 1252 —
661 1208 731 1272 P.
765 1207 1122 1285 Aliquanto
1171 1205 1447 1286 amplius
1492 1205 1807 1286 valerem,
1852 1205 1908 1269 si
1953 1204 2059 1269 hic
2103 1224 2415 1270 maneres,
2463 1241 2550 1273 -.

193 1312 273 1375 A.
330 1310 541 1375 Salve.
607 1347 692 1356 —
756 1310 827 1374 P.
882 1309 1154 1374 Salvere
1219 1328 1320 1372 me
1387 1307 1603 1390 iubeS,
1678 1308 1826 1387 quoi
1894 1311 1968 1372 tu
2035 1307 2260 1373 abiens
2328 1307 2545 1372 adfers

195 1413 505 1477 morbum.

371 1516 708 1579 Accedunt
769 1514 902 1577 alia
961 1514 1274 1592 quaedam
1335 1512 1654 1594 exempla,
1723 1511 1838 1576 ubi
1903 1511 2141 1576 ‘salve’
2210 1515 2277 1576 et
2335 1512 2544 1577 ‘vale’

197 1616 386 1695 quasi
441 1617 524 1680 ad
576 1634 770 1679 unam
824 1615 1322 1680 valedictionem
1377 1615 1888 1696 coniunguntur,
1943 1613 2128 1678 velut
2182 1615 2361 1679 Curc.
2394 1617 2547 1679 522:

198 1719 271 1784 L.
304 1719 649 1784 Summane
695 1717 1002 1796 numquid
1045 1718 1346 1782 nunciam
1391 1736 1492 1781 me
1529 1715 1678 1781 vis‘?
1709 1754 1791 1761 —-
1824 1716 1887 1780 O.
1913 1716 2079 1781 Vale
2125 1720 2191 1780 et
2237 1717 2435 1782 salve.
2467 1753 2549 1763 —

201 1821 385 1902 Capt.
419 1822 540 1884 744
558 1839 604 1884 8.
678 1820 844 1884 Vale
891 1824 1088 1898 atque
1132 1820 1332 1902 salve,
1379 1819 1504 1883 etsi
1550 1818 1747 1883 aliter
1792 1823 1866 1882 ut
1912 1818 2120 1882 dicam
2164 1837 2402 1884 meres:
2449 1818 2550 1883 De

198 1943 303 1988 me
346 1927 421 1987 ut
464 1923 781 2005 meruisti„
821 1923 920 1987 ita
964 1923 1133 1988 vale.

372 2026 590 2090 Primo
624 2044 678 2089 a.
713 2025 856 2088 Chr.
888 2044 946 2088 n.
980 2024 1236 2088 saeculo
1267 2024 1546 2088 formula
1589 2024 1833 2089 ‘salve'
1879 2024 2008 2088 iam
2053 2023 2345 2088 obsoleta
2390 2027 2552 2104 erat,

204 2131 665 2209 praeterquam
720 2128 885 2205 quod
932 2126 1153 2190 Cicero
1209 2126 1523 2206 epistulas
1578 2145 1730 2191 suas
1775 2144 2233 2206 nonnunquam
2276 2125 2554 2189 formula

206 2229 390 2296 ‘vale
436 2234 632 2309 atque
676 2229 889 2294 salve'
937 2229 1182 2293 claudit
1228 2229 1441 2313 (epist.
1476 2231 1556 2293 ad
1587 2229 1738 2294 fam.
1768 2230 1947 2311 XVI,
1980 2231 2124 2312 4-,43
2171 2232 2226 2311 9,
2258 2227 2343 2312 4).
2430 2229 2553 2292 Po-

206 2333 592 2398 sterioribus
622 2331 1022 2412 temporibus
1067 2332 1422 2396 revivescit
1468 2336 1534 2395 et
1581 2333 1753 2411 apud
1797 2332 2147 2410 scriptores
2193 2331 2341 2396 aevi
2386 2330 2554 2395 chri-

203 2435 406 2502 stiani
452 2436 659 2500 denuo
705 2433 1004 2499 occurrit.
1024 2432 1072 2516 1)

234 2614 243 2623 ⁰
378 2539 572 2619 Apud
625 2538 954 2603 Tibullum
998 2537 1092 2620 ΙΙ,
1137 2540 1264 2620 1,1
1329 2537 1557 2618 optimi
1608 2537 1764 2602 libri
1824 2539 2160 2604 exhibent:
2220 2537 2556 2620 ‘Quisquis

209 2643 421 2722 adest,
469 2640 723 2721 valeat3
776 2640 999 2721 fruges
1052 2641 1402 2704 lustremus
1456 2643 1523 2703 et
1578 2658 1770 2721 agros
1790 2641 1819 2723 '‚
1876 2641 1944 2705 id
1999 2643 2167 2719 quod
2210 2641 2340 2706 viri
2386 2640 2558 2705 docti

211 2744 353 2808 sine
398 2742 574 2806 iusta
620 2761 816 2807 causa
846 2746 1267 2808 mutaverunt
1311 2729 1379 2806 in
1425 2742 1749 2822 ‘quisquis
1796 2745 1995 2826 adest,
2025 2744 2255 2809 faveat
2271 2744 2301 2808 ’.
2374 2743 2559 2808 Haec

209 2846 485 2911 mutatio
518 2864 590 2910 eo
622 2846 832 2910 minus
863 2847 1198 2927 probanda
1228 2845 1508 2927 videtur,
1555 2846 1724 2924 quod
1769 2846 2346 2927 epigrammatibus
2393 2865 2556 2910 com-

208 2948 506 3028 pluribus
550 2948 616 3011 in
662 2947 1025 3027 parietibus
1056 2947 1467 3027 Pompeianis
1512 2946 1856 3028 insculptis
1902 2948 2303 3031 (Buecheler,
2351 2948 2557 3013 Carm.

211 3050 415 3131 epigr.
445 3053 568 3115 945
588 3049 706 3132 sq.)
762 3050 883 3114 hoc
935 3050 1194 3114 initium
1246 3055 1470 3114 notum
1525 3054 1655 3113 est:
1716 3051 2005 3129 quisquis
2060 3056 2262 3133 amat,
2316 3051 2558 3134 valeat.

212 3152 340 3217 Sed
401 3152 665 3216 etsamsi
719 3154 882 3217 haec
941 3153 1315 3217 testimonia
1375 3170 1502 3215 non
1560 3157 1823 3232 praesto
1879 3158 2118 3236 essent,
2181 3158 2401 3217 tamen
2445 3153 2558 3217 illo

210 3254 349 3319 loco
409 3253 573 3318 nihil
629 3256 1007 3318 mutandum
1063 3273 1203 3319 8888
1262 3273 1682 3320 censeremus.
1771 3256 1936 3320 Nam
1981 3256 2038 3320 si
2082 3274 2560 3335 nonnumquam

212 3375 330 3438 per
382 3355 724 3420 formulam
771 3357 1014 3422 ‘salve'
1061 3357 1477 3440 valedicitur,
1534 3377 1649 3422 cur
1691 3369 1809 3438 per
1853 3358 2064 3424 ‘vale’
2110 3358 2388 3423 salutari
2433 3377 2561 3422 non

210 3457 463 3539 possit?
564 3459 657 3523 Et
714 3459 1071 3538 posteriore
1139 3463 1360 3524 aetate
1420 3479 1491 3524 re
1553 3479 1715 3524 vera
1773 3479 1891 3541 per
1947 3459 2289 3523 formulam
2350 3459 2559 3523 ‘vale'

211 3560 556 3626 salutatur.
659 3561 986 3626 Ausonius
1045 3562 1113 3625 in
1175 3563 1358 3643 epist.
1390 3562 1602 3645 XXV,
1634 3564 1713 3626 23
1775 3562 2039 3645 (Peiper
2097 3581 2155 3642 p.
2188 3562 2337 3645 271)
2401 3562 2564 3626 haec

212 3662 403 3727 dicit:
454 3664 609 3729 Dic:
664 3669 730 3729 te
777 3665 1017 3746 valere,
1065 3665 1195 3728 dic:
1242 3666 1500 3730 salvere
1544 3669 1613 3729 te
1657 3665 1841 3729 iubet
1884 3665 2151 3729 Amicus
2197 3668 2264 3729 et
2308 3664 2562 3731 vicinus

213 3770 282 3831 et
329 3766 670 3832 Ausonius

385 3869 565 3933 Idem
617 3874 812 3950 poeta
864 3870 933 3934 111
988 3870 1172 3952 epist.
1204 3870 1392 3952 XVI,
1427 3872 1458 3933 1
1519 3868 1604 3954 (p.
1637 3871 1760 3934 239
1795 3908 1874 3915 —
1904 3870 2168 3954 Peiper)
2226 3869 2564 3951 coniungit

212 3970 525 4035 formulas
571 3972 757 4037 ‘ave’
805 3977 872 4037 et
917 3972 1161 4038 ‘salve’
1207 3972 1328 4036 hoc
1371 3973 1585 4036 modo:
1631 3973 1861 4054 Perge,
1908 3991 1943 4036 o
1987 3972 2226 4054 libelle,
2259 3972 2564 4037 Sirmium

214 4073 306 4137 Et
369 4073 471 4137 dic
530 4091 637 4138 ero
696 4093 836 4139 meo
898 4094 974 4139 ac
1032 4080 1177 4140 tuo:
1238 4075 1428 4139 Have
1488 4078 1685 4154 atque
1738 4073 1921 4139 salve
1973 4075 2336 4156 plurimum.
2423 4075 2566 4139 Hoc

391 4297 434 4364 ι)
470 4295 549 4349 Of.
587 4293 758 4361 Bam„
795 4294 890 4348 1.1.
928 4311 979 4362 p.
1004 4297 1086 4352 28.

2159 4399 2192 4455 2
