3187 4930
2462 343 2542 410 19

195 515 443 580 saluto’
512 514 751 598 (Plaut.
790 514 1022 595 Amph.
1065 515 1219 593 6763
1292 514 1524 578 Bacch.
1566 514 1721 594 2433
1798 513 1951 578 cist.
1987 515 2138 595 7233
2212 513 2347 578 Mil.
2388 515 2543 595 9003

193 618 396 682 Poen.
429 620 584 697 6213
629 617 858 681 Pseud.
891 618 1047 696 4553
1094 616 1281 680 Truc.
1313 615 1465 699 515)
1503 629 1588 663 ‘—-
1630 615 1837 680 ‘iubeo
1884 622 1942 680 te
1984 615 2255 681 salvere'
2302 616 2546 700 (Plaut.

193 719 383 784 Asin.
414 721 569 800 2963
638 718 777 783 Cas
810 720 965 798 9693
1035 717 1213 782 Curc.
1246 720 1400 798 5603
1466 719 1661 782 Mero.
1697 720 1849 799 7133
1909 719 2287 800 Μο81.568;
2351 721 2545 800 11283

191 822 364 886 Rud.
397 823 551 902 2633
628 821 805 885 Trin.
837 822 958 884 435
979 839 1057 901 8.;
1130 820 1319 885 Tmo.
1352 821 1473 885 577
1540 858 1627 868 -—
1692 821 1837 885 Ter.
1868 821 2143 901 Adelph.
2175 824 2300 886 460
2322 820 2396 905 8.)
2464 859 2547 867 -

197 924 527 1005 ‘impertio
561 929 617 987 te
647 922 884 987 salute’
929 922 1172 1005 (Plaut.
1203 923 1392 1003 Epid.
1420 925 1542 986 126
1560 941 1638 1003 8.;
1682 924 1911 987 Pseud.
1938 925 2061 987 456
2092 960 2175 969 ——-
2208 923 2352 988 Ter.
2382 923 2548 989 Eun.

193 1025 356 1110 270)
420 1025 623 1090 multo
683 1025 1124 1089 sollemniores
1169 1023 1503 1107 videntur,
1565 1043 1754 1104 quam
1809 1034 1885 1089 ut
1935 1024 2110 1089 inter
2156 1025 2393 1090 amicos
2437 1044 2549 1090 8011

195 1127 717 1208 consanguineos
789 1127 1091 1207 usurpari
1163 1127 1430 1207 possint.
1546 1126 1644 1190 Eo
1718 1127 1975 1207 saepius
2043 1131 2418 1210 occurrunt,
2494 1127 2550 1191 si

195 1230 382 1296 servi
456 1229 764 1312 dominOS,
842 1230 1114 1295 clientes
1187 1234 1496 1310 patronos
1569 1229 1891 1312 salutant,
1965 1233 2039 1294 ut
2110 1216 2341 1295 Pseud.
2400 1232 2551 1295 455:

194 1334 411 1398 Erum
471 1333 682 1398 saluto
761 1333 1062 1415 primum,
1131 1336 1207 1396 ut
1266 1338 1616 1411 aequomst.
1663 1369 1744 1376 -
1799 1332 1868 1397 Si
1928 1332 2293 1397 salutantes
2354 1332 2552 1397 etiam
2625 1360 2630 1365 ·

197 1435 628 1500 modestiores
689 1435 901 1500 videri
961 1435 1217 1517 volunt,
1284 1439 1560 1499 utuntur
1628 1435 1815 1499 tertia
1870 1456 2154 1516 persona
2218 1436 2410 1513 verbi,
2480 1440 2554 1498 ut

200 1539 441 1603 Bacch.
473 1540 632 1601 243:
679 1536 914 1602 Servos
960 1537 1210 1601 salutat
1245 1537 1629 1601 Nicobulum
1662 1535 2015 1618 Chrysalus
2044 1575 2127 1583 —
2159 1538 2334 1602 Trin.
2367 1538 2488 1601 435
2507 1556 2555 1601 8.

202 1641 412 1705 Erum
468 1634 670 1719 'atque
723 1658 976 1704 servom
1035 1638 1381 1720 plurimum
1426 1640 1649 1703 Philto
1708 1639 1892 1703 iubet
1936 1640 2194 1705 salvere
2238 1677 2320 1685 --
2364 1639 2553 1720 Epid.

210 1744 334 1808 126
359 1761 404 1808 8.
522 1742 999 1808 Advenientem
1073 1761 1348 1824 peregre
1422 1761 1603 1807 erum
1678 1742 2180 1823 Stratippoclem
2261 1742 2557 1824 impertit

206 1845 424 1911 salute
468 1863 689 1910 servos
734 1845 1044 1925 Epidicus
1077 1883 1157 1891 —
1189 1845 1336 1909 Ter.
1365 1845 1532 1910 Eun.
1565 1846 1707 1909 270.
1779 1844 2094 1909 Pluruma
2137 1844 2350 1910 salute
2394 1845 2555 1909 Par-

205 1966 542 2011 menonem
588 1965 900 2011 summum
946 1967 1129 2011 suum
1174 1947 1470 2027 impertit
1501 1947 1895 2012 (1110111ομ-
1935 1947 2059 2012 Sed
2106 1949 2327 2012 eodem
2371 1949 2555 2012 modo

207 2067 334 2129 quo
395 2049 670 2129 pluralis
730 2067 1032 2113 numerus
1092 2049 1472 2112 modestiam
1532 2055 1599 2114 et
1657 2049 2067 2114 maiestatem
2115 2050 2558 2114 demonstrare

206 2155 452 2234 potest,
507 2151 605 2215 ita
662 2169 740 2214 ea
784 2150 1122 2232 salutatio,
1177 2169 1343 2230 quae
1387 2170 1504 2232 per
1548 2152 1816 2216 tertiam
1860 2171 2199 2232 personam
2245 2152 2345 2234 fit,
2402 2171 2558 2216 non-

208 2272 541 2332 nunquam
594 2272 719 2317 non
773 2254 1178 2334 modestiam,
1233 2256 1345 2318 sed
1399 2254 1769 2335 superbiam
1823 2254 2095 2337 indicat,
2141 2254 2326 2319 velut
2371 2255 2559 2319 Truc.

211 2360 370 2422 515:
426 2357 605 2420 Mars
649 2374 921 2437 peregre
969 2356 1322 2420 adveniens
1367 2355 1618 2420 salutat
1662 2356 2007 2420 Nerienem
2051 2375 2315 2421 uxorem
2361 2375 2560 2422 suam.

385 2460 576 2539 Apud
611 2458 755 2524 Ter.
779 2460 981 2525 Andr.
1005 2460 1129 2523 533
1159 2456 1435 2540 legimus
1465 2457 1657 2523 haec:
1704 2457 1763 2523 S.
1789 2458 1835 2524 J
1837 2459 1999 2524 ubeo
2034 2458 2453 2525 Chremetem.
2477 2498 2561 2507 -—

213 2563 279 2627 C.
326 2561 450 2644 Oh,
496 2565 563 2626 te
608 2561 814 2641 ipsum
862 2562 1271 2641 quaerebam.
1315 2599 1401 2607 —
1445 2561 1505 2626 S.
1550 2561 1644 2625 Et
1688 2581 1806 2643 ego
1852 2566 1949 2642 te3
2004 2567 2229 2642 optato
2276 2563 2561 2629 advenis

209 2702 300 2711 —-
356 2665 503 2728 Non
562 2664 824 2728 dubium
885 2670 1010 2747 est,
1072 2664 1226 2743 quin
1286 2665 1447 2755 11000
1499 2664 1813 2728 8011110110
1860 2664 2078 2729 ‘iubeo
2127 2664 2560 2730 Chremetem'

210 2786 331 2848 per
356 2764 633 2846 ellipsim
656 2765 1099 2847 intellegenda
1122 2766 1239 2831 sit:
1270 2765 1458 2830 iubeo
1486 2766 1890 2830 Chremetem
1922 2766 2193 2831 salvere.
2252 2765 2563 2848 Ellipsz'm

214 2872 436 2933 autem
482 2872 550 2932 et
592 2868 661 2932 in
706 2887 998 2933 sermone
1043 2868 1368 2933 cotidiano
1417 2874 1482 2933 et
1528 2868 1597 2932 in
1641 2867 2079 2933 familiaribus
2125 2869 2448 2952 epistulis,
2494 2869 2563 2933 111

216 2970 452 3050 quibus
507 2972 958 3051 componendis
1003 2990 1130 3035 non
1175 2989 1415 3052 magna
1461 2970 1901 3035 adhibebatur
1945 2971 2315 3054 diligentia,
2370 2990 2563 3052 saepe

213 3091 579 3156 occurrere,
644 3093 785 3138 cum
841 3073 956 3138 alii
1010 3075 1434 3138 ostenderunt
1457 3073 1530 3157 1),
1590 3079 1727 3137 tum
1781 3074 1907 3155 ipsi
1950 3075 2137 3140 novis
2183 3075 2564 3154 quibusdam

216 3175 532 3254 exemplis
621 3175 1170 3240 confirmabimus:
1259 3176 1432 3239 satin
1523 3176 1757 3240 salve?
1846 3177 2087 3260 (Plaut.
2142 3178 2320 3243 Trin.
2372 3177 2564 3261 1177)

215 3307 303 3332 .—--
338 3277 586 3342 satisne
632 3278 815 3343 salve
859 3277 1073 3343 vivis?
1119 3277 1226 3342 vel
1272 3278 1550 3343 ‘satisne
1597 3279 1821 3344 salvae
1865 3299 1969 3345 res
2014 3284 2169 3345 tuae
2208 3281 2437 3346 suntP’
2482 3318 2566 3327 —

217 3380 398 3445 satin
431 3380 657 3444 recte?
704 3381 876 3463 (Ter.
902 3382 1102 3445 Andr.
1129 3381 1277 3465 804)
1313 3410 1391 3434 --
1424 3381 1673 3446 80118110
1702 3387 1881 3446 recte
1911 3383 2141 3448 vales?
2171 3421 2257 3429 —
2286 3384 2566 3465 benigne

221 3483 482 3567 (Horat.
511 3482 697 3563 epist.
730 3482 779 3565 Ι,
805 3487 859 3565 7,
890 3483 998 3567 62)
1046 3513 1129 3536 =
1174 3484 1453 3565 benigne
1498 3484 1662 3549 facis
1706 3522 1792 3529 —
1834 3489 1969 3549 tam
2011 3486 2296 3567 gratiast
2328 3486 2565 3569 (Plaut.

217 3586 391 3651 Men.
423 3587 574 3666 3873
621 3585 821 3651 Stich.
848 3588 996 3667 4723
1041 3587 1271 3651 Pseud.
1300 3586 1449 3669 713)
1483 3616 1567 3639 =
1598 3591 1735 3650 tam
1765 3587 1891 3651 tibi
1917 3587 2170 3669 gratias
2202 3606 2342 3669 ag0,
2377 3606 2566 3665 quam

221 3687 284 3752 si
330 3689 737 3771 accepissem,
786 3690 951 3768 quod
997 3688 1205 3753 offers

394 3792 866 3871 Nonnunquam
897 3792 1229 3857 salutandi
1262 3811 1459 3857 causa
1488 3796 1843 3871 usurpatur
1881 3790 2072 3855 illud:
2116 3791 2214 3855 Do:
2259 3798 2315 3856 te
2359 3799 2569 3857 ament

217 3893 463 3979 (Plaut.
488 3895 676 3959 Most.
703 3896 860 3976 717;
905 3896 1082 3959 Pers.
1113 3894 1235 3977 16),
1282 3913 1410 3974 qua
1455 3896 1532 3959 de
1577 3893 1857 3959 formula
1899 3894 1968 3957 in
2013 3894 2309 3973 sequenti
2356 3895 2569 3975 capite

214 3996 429 4090 fusius
475 3996 962 4076 disputabimus

395 4235 438 4299 ¹)
474 4232 532 4287 O.
558 4232 820 4301 Rebling,
857 4232 1099 4286 Versuch
1140 4233 1287 4286 einer
1324 4232 1760 4287 Charakteristik
1798 4233 1891 4286 der
1927 4232 2227 4287 1611118011οη
2263 4232 2571 4302 Umgangs-

220 4318 467 4388 sprache.
538 4319 730 4387 Progr.
768 4318 895 4371 Kiel
932 4319 1080 4385 1873,
1117 4334 1168 4386 p.
1195 4321 1284 4387 183
1320 4319 1473 4372 Babl.
1509 4318 1605 4372 1.1.
1642 4335 1692 4388 p.
1718 4321 1750 4373 9
1773 4335 1813 4372 S.

2166 4421 2229 4475 2*
