3187 4930
613 314 693 380 32

609 487 741 552 nisi
784 488 1115 569 quippiam
1157 508 1477 552 remorare
1520 510 1617 552 me
1662 488 1903 571 (Plaut.
1938 489 2076 553 CaS.
2108 488 2281 571 711).

610 590 918 671 numquid
940 595 1047 669 est,
1079 592 1243 672 quod
1265 612 1459 672 opera
1488 612 1629 655 mea
1658 592 1831 656 vobis
1862 613 2020 673 opus
2044 592 2175 656 sit?
2202 591 2491 674 (Terent.
2512 590 2771 655 Phorm.
2792 593 2970 675 563).

610 693 918 774 numquid
950 693 1143 773 prius
1187 715 1378 774 quam
1422 694 1572 757 abeo
1618 714 1714 757 me
1756 699 2098 776 royaturus
2144 693 2255 758 es?
2304 692 2546 777 (Plaut.
2580 693 2759 758 Trin.
2794 694 2970 778 198).

782 879 963 944 Haec
1022 877 1255 943 ultima
1306 879 1515 944 forma
1568 881 1909 960 ‘numquid
1952 880 2133 960 prius
2180 900 2369 960 quam
2418 881 2577 945 abeo
2624 900 2726 946 me
2769 901 2966 963 roga-

612 986 798 1045 turus
871 981 1013 1045 es‘?’
1088 981 1302 1046 omnia
1376 1001 1454 1046 ea
1519 983 1927 1066 pronuntiat,
2003 1000 2166 1063 quae
2235 1002 2275 1047 a
2340 982 2618 1063 simplici
2684 982 2970 1048 formula

611 1083 949 1163 ‘numquid
1008 1083 1182 1150 vis‘?'
1241 1084 1620 1150 reticentur.
1710 1085 2010 1150 Ceterum
2054 1085 2373 1150 formulae
2418 1084 2600 1166 ipsae
2646 1104 2715 1150 se
2759 1086 2966 1151 inter-

611 1191 973 1267 pretantur.
1090 1186 1256 1251 Nam
1328 1187 1441 1251 ille
1513 1188 1752 1268 duplex
1827 1188 2266 1269 accusativuS,
2341 1187 2452 1267 qui
2524 1188 2592 1252 in
2665 1188 2968 1268 plurimis

612 1289 909 1373 occurrit,
966 1289 1132 1354 idem
1196 1294 1320 1372 est,
1382 1308 1569 1369 quem
1629 1291 1835 1355 multa
1894 1291 2098 1356 verba
2157 1290 2432 1372 rogandi
2477 1294 2545 1354 et
2589 1291 2964 1371 postulandi

616 1392 902 1474 exigunt.
991 1392 1192 1457 Velut
1252 1393 1423 1472 apud
1481 1394 1752 1457 verbum
1813 1393 2045 1457 ‘velle’
2106 1393 2343 1473 duplex
2404 1392 2817 1458 accusativus
2875 1431 2968 1439 —

615 1512 930 1575 personae
997 1498 1065 1559 et
1129 1494 1227 1559 rei
1294 1532 1375 1540 —
1441 1494 1777 1559 invenitur
1840 1495 1908 1558 in
1970 1495 2147 1559 Caes.
2179 1495 2327 1560 bell.
2360 1494 2527 1560 Gall.
2561 1496 2611 1577 Ι,
2643 1497 2741 1577 34,
2773 1498 2838 1560 3;
2907 1496 2970 1559 si

617 1597 767 1675 quid
814 1596 926 1661 ille
972 1616 1040 1661 se
1084 1596 1265 1677 velit,
1310 1596 1495 1660 illum
1541 1598 1625 1661 ad
1670 1615 1738 1660 se
1784 1595 2009 1660 venire
2055 1595 2435 1680 oportere.¹)

1020 1886 1125 1952 H.
1192 1886 1299 1952 De
1342 1887 1660 1969 propriis
1703 1886 2144 1952 valedicendi
2191 1884 2551 1952 formulis,

785 2023 971 2087 Inter
1014 2023 1310 2104 proprias
1355 2023 1764 2087 valedicendi
1810 2023 2119 2087 formulas
2163 2022 2369 2103 primo
2400 2023 2538 2088 loco
2567 2021 2967 2087 nominanda

618 2129 718 2189 est
764 2125 934 2190 ‘vale
956 2124 984 2188 ’.
1072 2124 1323 2190 Facere
1367 2144 1495 2190 non
1539 2125 1881 2208 potuimus,
1929 2126 2084 2205 quin
2114 2125 2244 2189 iam
2275 2144 2472 2206 supra
2503 2127 2587 2190 ad
2615 2124 2966 2189 formulam

618 2225 861 2292 ‘salve’
929 2226 1378 2307 explicandam
1444 2227 1614 2291 hanc
1680 2246 1930 2306 quoque
1997 2228 2464 2293 adhiberemus.
2581 2227 2967 2291 Invenimus

619 2329 787 2393 enim
832 2326 1217 2392 salutationi
1260 2332 1328 2393 et
1370 2328 1795 2394 valedictioni
1839 2320 2273 2395 Romanorum
2317 2330 2385 2395 id
2429 2347 2569 2394 esse
2614 2348 2967 2411 commune,

618 2436 693 2497 ut
738 2430 1044 2496 sanitatis
1089 2432 1229 2496 sive
1276 2431 1676 2497 valetudinis
1715 2437 1873 2498 vota
1920 2433 2311 2498 contineant.
2401 2432 2540 2516 Quo
2571 2431 2814 2497 factum
2848 2436 2971 2514 est,

619 2540 694 2599 ut
737 2533 1015 2598 Romani
1058 2552 1516 2614 nonnunquam
1561 2535 1893 2599 salutandi
1940 2555 2138 2600 causa
2182 2554 2340 2601 voce
2385 2535 2612 2616 ‘vale’,
2671 2535 2739 2598 in
2785 2535 2970 2599 vale-

619 2636 886 2701 dicendo
932 2655 1089 2702 voce
1135 2637 1381 2703 ‘salve’
1427 2642 1773 2702 uterentur
1818 2642 1934 2702 aut
1979 2639 2202 2702 ambas
2233 2657 2425 2703 voces
2456 2637 2642 2715 quasi
2672 2637 2739 2700 in
2770 2656 2972 2701 unam
3078 2673 3085 2679 ·

619 2758 732 2804 seu
778 2739 1108 2803 salutandi
1153 2758 1267 2803 seu
1311 2739 1720 2804 valedicendi
1764 2740 2106 2804 formulam
2154 2741 2636 2822 coniungerent.

788 2840 1038 2906 Ultima
1118 2842 1375 2922 syllaba
1456 2842 1655 2924 longa
1738 2848 1867 2922 est3
1953 2844 2395 2906 tantummodo
2469 2843 2640 2922 apud
2711 2840 2966 2921 Vergil.

618 2943 842 3024 Eclog.
874 2943 996 3024 ΙΙΙ,
1030 2945 1108 3008 79
1156 2950 1224 3008 et
1270 2945 1441 3024 apud
1486 2943 1671 3008 Ovid.
1704 2945 2130 3025 Metamorph.
2161 2944 2282 3024 ΙΙΙ,
2315 2946 2434 3008 501
2486 2943 2850 3023 corripitur.

790 3046 1068 3110 Praeter
1140 3045 1599 3125 imperativum
1671 3047 1885 3110 ‘vale’
1961 3047 2440 3112 coniunctivum
2517 3044 2798 3110 ‘valeas'
2869 3044 2971 3108 in-

621 3148 914 3212 venimus
969 3148 1211 3230 (Plaut.
1247 3147 1385 3212 Cas.
1417 3151 1566 3228 2173
1627 3149 1804 3213 Pers
1836 3151 1988 3231 2243
2049 3151 2241 3214 Poen.
2273 3152 2423 3228 9113
2484 3148 2683 3213 Stich.
2715 3148 2836 3211 482
2886 3185 2971 3193 —

621 3251 850 3315 Horat.
882 3256 1003 3314 sat.
1034 3251 1120 3332 ΙΙ,
1152 3252 1208 3332 6,
1243 3249 1406 3335 116).
1492 3250 1678 3315 Η666
1721 3252 2072 3316 valedictio
2118 3271 2259 3317 cum
2304 3251 2722 3332 praecedenti
2765 3250 2971 3314 inter-

620 3353 960 3434 rogatione
1034 3353 1376 3431 ‘numquid
1450 3352 1625 3418 vis‘?'
1698 3373 1815 3434 per
1881 3355 2393 3419 coniunctionem
2459 3355 2594 3418 ‘ut’
2663 3352 2975 3435 coniungi

621 3460 839 3535 potest
911 3455 1153 3538 (Plaut.
1216 3455 1368 3519 Cist.
1433 3454 1602 3537 120).
1717 3457 2025 3521 Formula
2098 3456 2235 3521 ‘fac
2308 3456 2532 3521 valeas
2549 3458 2581 3537 ’,
2661 3474 2826 3536 quae
2899 3455 2973 3518 in

624 3558 920 3638 epistulis
980 3577 1173 3638 saepe
1232 3557 1610 3648 occurrit‚‘·')
1673 3578 1711 3623 a
1765 3578 2055 3624 sermone
2101 3559 2426 3624 cotidiano
2475 3560 2824 3624 abhorrere
2871 3558 2973 3622 vi-

624 3661 827 3725 detur.
936 3660 1158 3724 Etiam
1227 3660 1624 3725 indicativus
1689 3660 1895 3724 futuri
1962 3662 2246 3727 ‘valebis
2263 3661 2293 3743 ’,
2360 3661 2471 3740 qui
2536 3661 2605 3725 in
2670 3659 2974 3740 epistulis

623 3780 816 3842 saepe
863 3765 929 3826 et
974 3761 1352 3842 imperativi
1397 3766 1464 3826 et
1509 3762 1906 3829 coniunctivi
1950 3764 2092 3829 vice
2137 3762 2518 3845 fungitur,³)
2566 3782 2606 3826 a
2644 3761 2973 3826 cotidiano

623 3881 912 3928 sermone
959 3863 1209 3928 alienus
1255 3868 1370 3928 est.

795 4119 834 4186 ¹)
874 4118 952 4171 Cf.
992 4118 1157 4173 etiam
1193 4119 1450 4187 Draeger,
1488 4118 1692 4174 Histor.
1720 4120 1930 4187 Syntax
1966 4120 2013 4173 d.
2039 4120 2133 4174 lat.
2160 4118 2394 4188 Sprache
2430 4119 2473 4190 Ι,
2497 4121 2613 4176 373.

793 4206 835 4272 ²)
873 4204 1044 4272 Babl.,
1082 4206 1117 4258 l.
1142 4205 1176 4258 1.
1213 4221 1264 4272 p.
1290 4207 1372 4260 31.

800 4291 843 4358 ⁸)
880 4290 1052 4360 Babl.,
1090 4290 1125 4344 l.
1151 4291 1185 4344 l.
1222 4307 1273 4359 p.
1301 4292 1370 4346 30
