3187 4930
2486 295 2646 359 21ι

396 464 526 529 Vix
592 466 933 530 admonere
1000 483 1261 529 necesse
1329 468 1429 529 est
1488 485 1631 530 eam
1695 467 2218 531 consuetudinem
2286 469 2436 532 deos
2500 467 2569 531 in

219 565 570 631 salutando
636 567 982 632 invocandi
1040 567 1351 633 Romanis
1418 586 1558 632 esse
1627 586 2018 633 communem
2090 588 2231 633 cum
2294 570 2441 634 aliis
2502 573 2569 634 et

216 669 635 748 antiquorum
668 673 735 734 et
764 670 1197 734 recentiorum
1238 676 1595 750 temporum
1642 671 1910 751 populis
1985 671 2092 737 Sic
2122 672 2351 737 Dolius
2397 673 2568 753 apud

215 771 570 835 Homerum
618 772 873 855 (Odyss
913 797 969 835 ω
1000 774 1150 855 402)
1200 772 1521 836 dominum
1569 773 1638 836 in
1681 773 1964 853 patriam
2009 792 2344 838 reversum
2389 774 2567 838 hisce

212 872 440 938 Verbis
498 874 886 953 alloquitur:
946 865 1104 938 οὖλέ
1146 897 1215 937 τε
1261 874 1371 938 καὶ
1417 875 1579 958 μέγα
1625 889 1835 957 χαῖρε·
1907 876 2057 940 θεοὶ
2105 876 2178 939 δέ
2218 899 2325 940 τοι
2371 873 2566 955 ὄλβια

215 977 422 1040 dotet).
469 1014 554 1019 —
600 976 690 1039 Et
744 977 916 1057 apud
960 995 1179 1040 omnes
1222 975 1362 1040 fere
1407 981 1637 1058 gentes
1684 976 2078 1042 Germaniae
2122 977 2566 1042 meridionalis

214 1078 585 1158 antiquitus
632 1080 851 1143 eodem
896 1080 1079 1159 modo
1126 1078 1405 1143 salutari
1451 1097 1532 1143 ne
1576 1079 1763 1159 pueri
1809 1080 2066 1159 quidem
2110 1080 2434 1161 ignorant.

764 1354 844 1419 V.
912 1353 1017 1419 De
1063 1352 1400 1418 formulis
1444 1353 2014 1433 interrogativis.

386 1490 545 1554 Post
605 1492 827 1554 datam
881 1490 1332 1569 redditamque
1386 1490 1665 1554 salutem
1721 1491 1799 1554 de
1852 1490 2230 1555 valetudine
2288 1495 2355 1554 et
2409 1490 2564 1575 61113,

210 1592 327 1671 qui
374 1594 585 1674 adest,
641 1596 709 1657 et
754 1596 1173 1674 cognatorum
1220 1593 1695 1672 amicorumque
1741 1593 1878 1658 eius
1923 1584 2322 1675 interrogari
2366 1593 2563 1675 solet;

209 1713 410 1775 saepe
462 1733 547 1741 -
600 1697 769 1774 quod
825 1695 951 1759 iam
1001 1696 1083 1760 M.
1119 1695 1474 1780 Schaber1)
1521 1696 1715 1776 vidit,
1771 1695 1868 1759 ‘id
1915 1714 2118 1777 genus
2166 1696 2562 1760 auscultatio

207 1797 356 1877 ipsa
417 1802 562 1861 erat
620 1798 931 1862 salutatio
949 1799 978 1863 ’.
1066 1799 1252 1862 Inter
1311 1817 1417 1862 eos
1477 1817 1642 1877 quae
1701 1799 1826 1862 huc
1877 1798 2212 1879 pertinent
2254 1798 2564 1862 formulas

207 1899 490 1980 primum
552 1901 807 1965 obtinet
851 1901 1059 1965 locum
1107 1901 1453 1965 tritissima
1497 1900 1617 1964 illa
1663 1919 1737 1964 ac
1781 1904 2148 1982 pervagata
2193 1919 2349 1965 vox:
2412 1901 2564 1982 quid

207 2001 404 2083 aqis‘?
480 2002 636 2067 Cum
669 2003 1018 2083 scriptores
1051 2002 1361 2082 exemplis
1406 2002 1599 2067 huius
1643 2002 1959 2067 formulae
2006 2004 2353 2085 abundent,
2400 2003 2563 2067 satis

210 2104 527 2169 habemus
582 2106 744 2169 haec
796 2123 1005 2185 pauca
1059 2105 1324 2169 afferre:
1386 2106 1601 2169 Plaut.
1635 2104 1812 2168 Asin.
1844 2107 1968 2169 296
1986 2124 2032 2168 3.
2121 2106 2193 2169 L.
2238 2105 2449 2169 Jubeo
2495 2110 2563 2169 te

211 2205 472 2271 salvere
546 2226 702 2272 voce
761 2226 1008 2272 summa
1069 2209 1277 2287 quoad
1332 2209 1506 2272 vires
1559 2207 1802 2271 valent.
1870 2243 1950 2253 —
2020 2207 2088 2270 L.
2138 2206 2562 2287 Gymnasium

210 2307 425 2390 flagri,
471 2309 740 2373 salveto,
771 2348 855 2355 —
894 2311 965 2373 L.
998 2309 1166 2391 Quid
1212 2311 1370 2392 agis,
1418 2315 1636 2374 custos
1684 2310 2006 2373 carceris?
2041 2346 2119 2353 -
2154 2310 2332 2372 Curc.
2358 2310 2559 2374 234s:

212 2411 279 2476 C.
313 2410 526 2493 Salve,
571 2411 898 2477 Palinure.
930 2449 1015 2457 —
1060 2413 1128 2477 P.
1155 2411 1208 2478 O
1249 2412 1562 2477 scelerum
1596 2415 1806 2493 caput,
1853 2411 2122 2477 salveto,
2172 2410 2324 2491 quid
2369 2411 2560 2493 agis?

209 2554 298 2559 —
359 2515 421 2580 C.
467 2515 652 2580 Vivo
719 2555 796 2560 —-
853 2517 932 2580 In
976 2516 1190 2581 Plaut.
1224 2516 1418 2580 Merc.
1451 2517 1574 2580 963
1635 2534 1751 2595 pro
1810 2514 2209 2580 salutatione
2267 2514 2559 2595 ponitur:

206 2617 284 2680 L.
332 2615 563 2680 Placet
607 2617 1012 2696 principium.
1063 2618 1215 2696 quid
1261 2617 1450 2698 agis?
1497 2616 1651 2695 quid
1694 2616 1817 2680 fit?
1905 2616 2223 2697 Eutyche.

360 2718 552 2800 ,Quid
616 2719 924 2783 formula:
991 2720 1144 2798 quid
1211 2719 1400 2800 agis?
1468 2718 1821 2800 significet,
1889 2718 2127 2799 optime
2194 2718 2560 2782 ostenditur

208 2821 503 2901 exemplo
549 2822 942 2886 vernaculae
996 2821 1341 2886 formulae:
1389 2841 1525 2885 was
1581 2821 1835 2884 machst
1888 2820 2020 2885 du?
2107 2820 2558 2884 Permittimus

208 2922 381 2988 enim
416 2924 689 2988 arbitrio
722 2924 876 3005 61113,
909 2925 1017 3002 qui
1048 2924 1511 3006 interrogatur,
1551 2929 1626 2987 ut
1657 2922 2234 3004 interrogationem
2268 2928 2557 2986 nostram

208 3031 328 3090 aut
383 3026 464 3089 ad
520 3026 807 3090 actiones
861 3045 1011 3090 suas
1073 3031 1189 3090 aut
1244 3028 1324 3090 ad
1380 3031 1626 3091 statum
1671 3026 2241 3104 valetudinemque
2293 3024 2556 3089 referat.

206 3130 428 3207 Atque
468 3129 534 3192 in
580 3129 923 3208 salutando
968 3129 1246 3194 formula
1290 3128 1668 3208 plerumque
1715 3130 1797 3192 ad
1827 3128 2271 3192 valetudinem
2317 3126 2554 3191 refere-

203 3232 430 3311 batur,
489 3230 831 3310 paullatim
877 3249 1032 3295 vero
1079 3231 1213 3296 vim
1258 3231 1355 3294 ita
1397 3230 1709 3312 perdidit,
1765 3236 1840 3294 ut
1882 3269 1966 3274 —-
2014 3230 2195 3294 cuius
2240 3229 2337 3293 rei
2382 3231 2554 3293 Mar-

204 3332 389 3397 tialis
445 3333 644 3413 epigr.
675 3332 769 3414 II,
802 3335 879 3397 67
939 3333 1128 3397 testis
1183 3336 1284 3396 est
1340 3369 1418 3378 —
1474 3333 1719 3397 ‘decies
1773 3352 1904 3397 una
1971 3333 2161 3397 hora’
2218 3332 2300 3396 ab
2355 3331 2553 3396 homi-

204 3435 398 3499 nibus
466 3435 742 3499 invicem
804 3435 930 3499 sibi
990 3435 1478 3499 occursantibus
1538 3435 1841 3516 usurpari
1900 3439 2136 3515 posset.
2243 3435 2367 3498 Sed
2428 3452 2556 3498 non

202 3538 416 3618 magis
480 3538 549 3602 in
616 3556 906 3602 sermone
975 3538 1298 3602 cotidiano
1367 3557 1559 3616 quam
1625 3538 1692 3602 in
1760 3537 2006 3601 litteris
2074 3536 2553 3601 conscribendis

202 3641 484 3705 Romani
537 3641 661 3706 hac
714 3641 994 3705 formula
1041 3643 1411 3705 utebantur.
1501 3641 1764 3705 Testem
1809 3641 2121 3704 habemus
2168 3639 2553 3720 Ciceronem,

200 3747 443 3809 testem
485 3742 797 3827 Plinium,
863 3743 971 3823 qui
1031 3743 1097 3806 in
1159 3743 1342 3823 epist.
1374 3743 1502 3825 III,
1534 3745 1642 3825 20,
1679 3747 1750 3806 11
1818 3743 2019 3807 amico
2081 3741 2334 3806 cuidam
2393 3742 2554 3805 haec

201 3846 461 3911 scribit:
507 3846 598 3910 Et
628 3846 907 3926 hercule,
954 3865 1078 3926 quo
1119 3864 1319 3923 usque
1364 3845 1481 3909 illa
1512 3845 1847 3927 vulgaria:
1896 3845 2047 3924 quid
2094 3843 2279 3925 agis?
2327 3844 2554 3923 ecquid

202 3950 527 4014 commodo
575 3949 807 4013 vales?
863 3949 1153 4012 habeant
1206 3950 1470 4011 nostrae
1515 3965 1766 4027 quoque
1821 3947 2088 4011 litterae
2134 3945 2382 4024 aliquid
2425 3964 2552 4010 non

199 4051 447 4116 humile
491 4069 610 4115 nec
654 4051 977 4115 sordidum
1024 4069 1143 4115 nec
1186 4049 1467 4130 privatis
1511 4052 1707 4114 rebus
1752 4049 2085 4113 inclusum.

377 4273 417 4340 ¹)
454 4270 488 4324 l.
516 4270 551 4323 l.
588 4284 639 4341 p.
668 4273 747 4326 13.
