3187 4930
643 333 722 406 18

636 511 1017 592 <plurimum
1032 511 1063 593 ⁹,
1118 512 1286 589 quod
1341 511 1422 575 ab
1469 509 1756 575 Ausonio
1816 509 2201 576 salutationi
2246 509 2536 592 additur,
2591 510 2791 576 etiam
2840 512 2996 579 aliis

632 611 791 677 locis
857 612 1140 677 occurrit
1206 611 1449 697 (Plaut.
1488 613 1679 677 Most.
1723 615 1843 678 717
1887 650 1968 659 -—
2009 613 2154 677 Ter.
2196 612 2472 694 Adelph.
2513 613 2684 697 460).
2795 616 2993 682 Hanc

635 731 857 778 vocem
922 713 1270 794 praecipue
1336 713 1667 794 ‘epistulis
1729 715 1810 777 ad
1868 713 2413 778 familiarissimus
2476 714 2681 780 datis’
2744 717 2992 782 ascribi

635 816 822 880 docet
852 816 898 881 J
901 835 952 880 0.
977 815 1162 881 Babl.
1193 814 1298 880 1.1.
1328 834 1387 896 p.
1410 819 1467 880 8.
1527 817 1887 881 Praeterea
1916 817 2344 881 inveniuntur
2373 816 2707 882 ‘multum’
2742 818 2990 902 (Plaut.

632 919 825 983 Poen.
853 919 1043 1000 1050;
1077 908 1247 982 Rau.
1272 919 1398 982 416
1421 955 1503 973 -—
1528 919 1675 982 Ter.
1699 918 1855 983 Hec.
1880 919 1990 1002 82)
2032 918 2326 983 et‘bene’
2359 919 2601 1002 (Plaut.
2628 920 2809 1001 Capt.
2839 924 2990 1003 1383

633 1021 823 1086 Most.
854 1021 1024 1105 568).
1112 1020 1374 1085 Dicitur
1433 1021 1632 1086 etiam
1692 1022 2007 1103 ‘plurima
2064 1022 2272 1086 salute
2331 1027 2387 1085 te
2443 1022 2767 1104 ‘impertio’
2815 1024 2989 1108 (Ter.

630 1123 796 1188 Eun.
831 1125 955 1188 270
973 1122 1075 1207 s),
1120 1124 1287 1202 quod
1331 1123 1516 1188 nobis
1559 1123 1627 1187 in
1675 1127 1954 1188 mentem
1999 1127 2194 1188 vocat
2235 1123 2418 1188 illam
2462 1123 2806 1190 formulam
2852 1126 2987 1207 epi-

631 1224 980 1290 stularum:
1028 1229 1104 1290 A.
1150 1224 1427 1290 salutem
1473 1225 1819 1307 plurimam
1865 1225 2025 1289 dicit
2068 1226 2142 1289 B.
2158 1224 2206 1306 1)

804 1328 1027 1392 Etiam
1058 1328 1503 1393 iusiurandum
1550 1328 1833 1392 adicitur
1875 1327 2172 1392 formulis
2217 1326 2579 1393 salutandi:
2624 1329 2984 1409 mehercule,

631 1437 950 1509 mecastor,
1018 1436 1272 1509 ecastor,
1342 1431 1558 1511 edepol
1622 1430 1865 1514 (Plaut.
1897 1431 2131 1495 Bacch.
2169 1432 2321 1511 182;
2390 1432 2529 1496 Cas
2564 1434 2717 1511 1713
2786 1432 2985 1497 Poen.

634 1535 827 1615 10393
890 1534 1066 1598 Trin.
1097 1537 1210 1615 493
1273 1535 1460 1598 Truc.
1493 1535 1619 1598 503
1665 1571 1746 1579 —
1792 1534 1936 1598 Ter.
1970 1533 2123 1598 Hec.
2156 1533 2284 1617 83).
2375 1534 2514 1617 Quo
2570 1536 2649 1599 de
2703 1553 2821 1600 usu
2870 1538 2984 1600 ad-

628 1639 818 1701 notat
848 1636 1083 1701 Donat.
1131 1638 1214 1701 ad
1244 1637 1389 1701 Ter.
1422 1636 1576 1701 Hec.
1601 1637 1650 1718 I,
1676 1639 1731 1717 2,
1757 1638 1826 1700 8:
1874 1634 2042 1700 Olim
2087 1636 2455 1701 salutantes
2502 1638 2834 1701 addebant
2877 1638 2984 1702 ius

629 1737 990 1821 iurandum,
1036 1744 1110 1802 ut
1153 1739 1274 1802 hoc
1318 1738 1538 1803 sedulo
1584 1737 1803 1802 facere
1847 1738 2245 1803 viderentur.

799 1840 981 1922 Quae
1010 1840 1327 1905 formulae
1358 1840 1690 1905 salutandi
1720 1840 1789 1904 in
1818 1840 2033 1905 titulis
2065 1841 2536 1921 sepulcralibus
2562 1849 2982 1925 usurpentur,

627 1940 833 2007 fusius
893 1962 1214 2023 exponere
1272 1962 1399 2007 non
1460 1943 1642 2024 licet,
1702 1943 1855 2022 quia
1915 1942 2228 2007 cotidiani
2287 1943 2598 2008 sermonis
2655 1943 2980 2010 formulae

629 2044 949 2125 appellari
1015 2064 1142 2109 non
1208 2048 1495 2126 possunt.
1600 2045 1849 2109 Tamen
1908 2045 2028 2109 hoc
2087 2044 2224 2109 loco
2272 2045 2353 2108 -id
2413 2046 2759 2110 admonere
2818 2046 2981 2110 licet

625 2145 969 2211 formulam
1023 2147 1267 2211 ‘salve'
1321 2147 1389 2211 in
1443 2147 1660 2211 titulis
1714 2147 2186 2227 sepulcralibus
2238 2147 2572 2212 rarissime
2617 2166 2980 2215 occurrere.

628 2249 757 2313 Cur
786 2249 907 2313 hoc
935 2249 1071 2331 fiat,
1115 2248 1310 2313 facile
1341 2255 1441 2313 est
1472 2250 1668 2313 dictu
1745 2249 1901 2313 Cum
1943 2249 2127 2314 tituli
2172 2249 2551 2329 plerumque
2595 2250 2983 2331 posterioris

628 2351 870 2416 aetatis
929 2351 1087 2433 sint,
1147 2352 1426 2416 formula
1485 2350 1731 2416 ‘salve’
1790 2351 1922 2416 iam
1982 2353 2259 2417 secundo
2315 2370 2370 2416 a.
2412 2352 2555 2417 Chr.
2612 2372 2671 2417 n.
2717 2353 2982 2418 saeculo

625 2454 971 2535 paullatim
1016 2473 1096 2519 ex
1139 2473 1258 2519 usu
1305 2455 1573 2521 evanuit
1620 2460 1687 2520 et
1724 2493 1807 2501 —
1839 2456 2005 2534 quod
2051 2455 2180 2518 iam
2226 2474 2423 2535 supra
2467 2456 2861 2521 ostendimus
2892 2494 2984 2503 —

628 2557 953 2622 Ciceronis
997 2557 1397 2638 temporibus
1441 2557 1580 2622 fere
1625 2557 1919 2622 obsoleta
1960 2557 2103 2621 fuit.

797 2661 986 2725 Nunc
1031 2661 1115 2723 ad
1159 2679 1269 2724 eas
1314 2660 1646 2724 salutandi
1690 2660 2002 2746 formulas
2043 2660 2437 2743 accedamus,
2483 2679 2649 2739 quae
2678 2678 2807 2725 non
2836 2620 2979 2726 tam

625 2762 1102 2843 significatione
1147 2781 1340 2841 quam
1384 2780 1505 2827 usu
1551 2781 1591 2826 a
1636 2761 1916 2826 formula
1959 2763 2308 2842 principali
2353 2763 2597 2828 ‘salve'
2644 2764 2978 2829 differunt.

794 2867 1121 2945 Persaepe
1175 2871 1522 2929 occurrunt
1566 2866 1786 2929 salvus
1834 2865 2072 2946 (salva)
2120 2866 2239 2942 sie,
2296 2865 2462 2929 salvi
2509 2865 2779 2947 (salvae)
2828 2867 2980 2930 sitis

627 2966 869 3050 (Plaut.
894 2968 1129 3032 Bacch.
1162 2969 1317 3049 4563
1363 2970 1517 3047 5363
1562 2967 1753 3047 Epid.
1786 2969 1939 3047 5483
1985 2967 2121 3031 Mil.
2153 2969 2312 3048 9023
2357 2968 2546 3031 Most.
2581 2968 2735 3048 718;
2781 2968 2979 3033 Poen.

624 3071 780 3151 3303
838 3072 990 3151 7513
1045 3071 1201 3151 8583
1254 3070 1417 3133 Rud.
1455 3071 1607 3151 1033
1663 3069 1862 3134 Stich.
1896 3070 2044 3150 3163
2099 3070 2477 3150 TrUC.123;
2532 3071 2655 3134 358
2699 3106 2785 3116 -
2830 3070 2978 3135 Ter.

623 3172 824 3236 Andr.
866 3173 1022 3252 8023
1083 3173 1238 3251 9063
1298 3171 1571 3251 Adelph.
1614 3171 1784 3255 890).
1887 3171 2083 3235 Haud
2141 3171 2271 3236 scio
2334 3190 2418 3235 an
2478 3171 2641 3236 haec
2698 3171 2981 3236 formula

620 3274 840 3354 paullo
872 3273 1245 3338 sollemnior
1275 3274 1363 3337 sit
1395 3292 1587 3353 quam
1619 3273 1838 3338 ‘salve
1856 3275 1886 3357 ’,
1931 3274 2319 3354 praesertim
2359 3274 2430 3356 si,
2477 3277 2552 3338 ut
2582 3274 2798 3338 Aulul.
2835 3275 2974 3356 182,

622 3376 742 3440 1100
786 3377 968 3440 1110ᾶο
1017 3365 1476 3456 amplificatur:
1522 3377 1734 3440 salvos
1780 3383 1967 3458 atque
2008 3379 2378 3458 fortunatus
2425 3395 2677 3456 semper
2722 3375 2865 3440 sies

792 3480 984 3544 Aliae
1050 3479 1367 3544 formulae
1427 3480 1565 3543 sine
1627 3480 1820 3544 dubio
1883 3480 2224 3543 sollemnes
2285 3485 2464 3560 sunt3
2532 3480 2661 3543 iam
2721 3479 2971 3560 plenior

619 3581 998 3662 imperativi
1051 3581 1260 3646 forma
1313 3582 1580 3646 ‘salveto
1598 3582 1628 3663 ’,
1685 3600 1876 3661 quam
1930 3601 2056 3646 non
2110 3600 2261 3645 raro
2318 3581 2684 3646 invenimus
2731 3581 2975 3665 (Plaut.

623 3684 803 3749 Asin.
836 3687 991 3765 2973
1059 3683 1237 3748 Cure.
1271 3686 1426 3764 2353
1501 3685 1695 3748 Merc.
1728 3687 1885 3765 2843
1960 3684 2137 3748 Pers,
2171 3686 2326 3763 7893
2401 3684 2753 3764 Rud.103;
2820 3683 2973 3767 416)

623 3787 893 3866 gravior
958 3786 1221 3852 videtur
1294 3786 1570 3866 simplici
1647 3786 1860 3850 ‘salve
1877 3786 1907 3850 ’.
2018 3787 2188 3868 Quid
2255 3787 2424 3865 quod
2488 3787 2812 3865 reliquae:
2887 3785 2979 3849 ‘te

793 3974 834 4041 ι)
884 3972 1144 4026 ‘salutem
1197 3972 1398 4025 dicere’
1454 3977 1509 4026 et
1558 3973 1819 4026 ‘salutem
1865 3972 2110 4026 mittere’
2161 3972 2421 4026 sermonis
2470 3971 2783 4039 epistularis
2831 3977 2975 4025 sunt.

621 4056 896 4110 ‘Salutem
949 4057 1196 4111 mittere’
1251 4057 1539 4125 praecipue
1593 4058 1737 4125 apud
1785 4058 2039 4113 Ovidium
2092 4058 2400 4124 invenitur3
2457 4057 2718 4110 ‘salutem
2766 4056 2974 4109 dicere'

620 4142 732 4195 iam
786 4142 930 4209 apud
983 4143 1162 4196 Plaut.
1189 4143 1384 4195 Bacch.
1412 4144 1537 4210 7343
1593 4144 1740 4196 Pers.
1776 4145 1891 4199 501.
1984 4143 2190 4209 Quibus
2244 4142 2492 4197 formulis
2546 4141 2743 4210 opponi
2796 4147 2979 4210 potest

620 4228 854 4281 formula
906 4228 1143 4282 ‘salvere
1177 4227 1407 4295 iubere’,
1459 4244 1619 4294 quam
1658 4228 1761 4281 etsi
1799 4229 1864 4281 ab
1904 4228 2155 4295 epistulis
2191 4245 2296 4282 non
2335 4229 2592 4295 alienam,
2644 4232 2829 4279 tamen
2867 4242 2980 4281 ser-

618 4313 794 4366 monis
833 4312 1093 4367 cotidiani
1128 4313 1398 4381 propriam
1437 4328 1549 4367 esse
1586 4320 1731 4368 recte
1769 4314 2076 4381 suspicatur
2111 4315 2264 4368 Babl.
2300 4315 2335 4367 1.
2364 4314 2399 4367 1.
2437 4331 2487 4382 p.
2517 4315 2596 4369 12.
