3187 4930
552 292 716 356 *22

805 462 975 545 Quin
1042 463 1240 527 etiam
1307 463 1384 527 de
1450 464 1644 528 rebus
1704 462 2066 547 quaeritur,
2134 464 2287 543 quid
2348 468 2567 546 agant.
2670 464 2990 546 Legimus

635 565 806 645 apud
834 564 1049 629 Plaut.
1076 565 1254 629 Curc.
1279 567 1428 630 564:
1475 565 1630 645 quid
1673 566 1815 647 agit
1858 584 2067 631 meum
2111 566 2590 631 mercimonium
2641 567 2812 647 apud
2850 572 2924 632 te
2937 567 2988 652 9,

636 669 807 747 apud
851 667 1015 731 Plin.
1049 667 1232 748 epist.
1264 669 1314 750 Ι,
1346 669 1400 749 3,
1437 671 1497 732 1:
1557 668 1711 747 quid
1771 668 1913 749 agit
1959 669 2243 750 Comum,
2304 673 2459 733 tuae
2518 688 2828 749 meaeque
2874 672 2988 734 de-

633 769 890 852 1101309,
937 771 1107 850 apud
1151 769 1317 834 Plin.
1350 769 1534 849 epist.
1567 770 1653 851 ΙΙ,
1689 772 1784 850 11,
1817 773 1924 834 25;
1978 770 2130 849 quid
2179 771 2564 836 arbusculae
2608 774 2780 854 tuae,
2827 771 2989 851 quid

635 871 884 954 vineae,
931 873 1083 951 quid
1128 876 1385 954 segetes
1431 877 1653 955 agunt,
1700 873 1853 952 quid
1898 891 2050 938 oves
2096 873 2647 938 delicatissimae?

805 974 910 1038 Ex
956 993 1028 1039 eo
1076 993 1325 1054 quoque
1369 975 1679 1058 videmuS,
1740 993 1929 1054 quam
1976 976 2213 1057 exigua
2257 975 2460 1041 fuerit
2503 976 2606 1042 vis
2650 977 2989 1058 formulae,

637 1077 805 1155 quod
869 1076 999 1141 iam
1068 1079 1237 1156 apud
1293 1077 1602 1141 Plautum
1668 1077 2019 1141 identidem
2079 1077 2259 1152 113110,
2308 1097 2530 1143 vocem
2592 1079 2724 1144 alia
2781 1079 2989 1143 inter-

637 1179 894 1260 rogatio
939 1179 1038 1243 ita
1082 1180 1512 1262 subsequitur,
1559 1184 1635 1244 ut
1664 1180 2143 1260 responsionem
2173 1199 2302 1244 non
2333 1182 2698 1261 exspectari
2728 1187 2986 1262 pateat:

638 1282 833 1345 Merc.
865 1283 1013 1346 963:
1062 1281 1215 1361 quid
1260 1281 1461 1364 agis‘?,
1507 1282 1658 1360 quid
1703 1281 1819 1346 fit‘?
1866 1281 1971 1364 (cf.
2020 1282 2145 1346 Cic.
2193 1284 2275 1346 ad
2319 1282 2468 1348 fam.
2493 1283 2640 1365 VII,
2675 1287 2770 1366 11,
2803 1284 2869 1368 2)
2900 1322 2992 1330 -

638 1381 825 1461 Epid.
857 1383 921 1446 9:
982 1382 1134 1461 quid
1195 1381 1380 1464 agis?
1440 1387 1513 1446 ut
1560 1382 1784 1447 vales?
1829 1422 1912 1430 —
1956 1383 2134 1448 Idem
2181 1384 2257 1447 fit
2300 1384 2368 1447 in
2412 1390 2640 1449 nostra
2682 1384 2991 1450 formula:

638 1484 764 1548 wie
809 1484 1059 1566 geht’s‘?
1103 1484 1229 1549 wie
1273 1483 1542 1549 steht’s?
2355 1556 2358 1557 ⁷

810 1585 1051 1668 Quodsi
1095 1605 1221 1650 non
1268 1587 1529 1651 dubium
1576 1593 1700 1669 est,
1747 1588 1900 1666 quin
1947 1588 2014 1652 in
2058 1588 2156 1671 iis,
2204 1608 2370 1668 quae
2416 1589 2628 1672 attuli,
2676 1591 2994 1670 exemplis

640 1693 897 1754 tantum
943 1691 1021 1754 de
1061 1689 1453 1772 valetudine,
1500 1708 1625 1754 non
1659 1691 1738 1755 de
1771 1691 2136 1756 actionibus
2166 1692 2625 1776 interrogetur,
2672 1712 2745 1758 eo
2777 1693 2996 1758 minus

639 1792 869 1873 negari
912 1795 1130 1872 potest
1174 1793 1499 1872 permulta
1544 1791 1678 1856 alia
1724 1794 2019 1873 exempla
2056 1798 2317 1874 praesto
2350 1813 2505 1877 esse,
2535 1795 2800 1878 quibus,
2848 1813 2997 1859 cum

641 1894 720 1957 de
782 1893 1170 1976 actionibUS,
1232 1912 1360 1957 non
1420 1894 1497 1958 de
1557 1899 1737 1959 statu
1795 1895 2071 1959 hominis
2126 1903 2505 1978 quaeratur,
2566 1902 2748 1962 certa
2794 1902 2999 1976 atque

643 1999 952 2059 accurata
1011 1995 1341 2076 responsio
1402 1999 1835 2076 exspectatur.
1923 1997 2065 2061 Hoc
2119 1999 2291 2079 apud
2336 1999 2488 2064 Hor.
2522 1998 2706 2079 epist.
2736 1999 2788 2081 I,
2819 2001 2876 2079 3,
2910 2002 2996 2063 15

640 2096 783 2161 fieri
847 2097 977 2160 iam
1036 2096 1373 2177 Adolphus
1432 2097 1768 2178 Kiessling
1833 2099 2190 2181 perspexit,
2259 2100 2369 2178 qui
2435 2118 2580 2164 eum
2640 2102 2723 2164 ad
2781 2101 2998 2165 locum

642 2199 805 2263 haec
864 2199 1232 2263 adnotavit:
1293 2199 1446 2278 quid
1499 2200 1658 2263 mihi
1704 2200 1926 2264 Celsus
1982 2201 2165 2283 agit?
2225 2201 2579 2283 erkundigt
2625 2202 2763 2267 sich
2807 2203 3000 2266 nicht

642 2301 810 2365 nach
855 2301 1097 2365 seinem
1142 2301 1478 2384 Befinden,
1532 2303 1809 2366 sondern
1855 2304 2034 2368 113011
2068 2304 2310 2368 301110111
2357 2304 2501 2368 Τ1111
2546 2306 2679 2368 und
2720 2306 2995 2369 Lassen.

813 2403 903 2469 Ut
966 2404 1277 2469 eiusmodi
1333 2405 1885 2487 interrogationes
1947 2406 2028 2470 ab
2090 2406 2297 2471 altero
2356 2425 2597 2489 genere
2651 2407 3000 2473 evidenter

645 2506 1152 2590 distinguerent,
1212 2526 1690 2585 nonnumquam
1744 2508 2033 2572 homines
2077 2509 2561 2591 interrogantes
2607 2510 2996 2575 adverbium

647 2609 1043 2692 adiciebant,
1104 2615 1179 2673 ut
1223 2609 1392 2673 ‘hic’
1440 2610 1680 2693 (Plaut.
1713 2609 1898 2690 Epid.
1932 2612 2079 2690 3453
2126 2612 2314 2676 Truc.
2348 2614 2472 2677 896
2516 2650 2601 2658 ——
2646 2613 2772 2677 Cic.
2805 2613 2998 2693 epist.

647 2714 729 2775 ad
773 2713 913 2775 Att.
938 2712 1014 2794 V,
1050 2715 1145 2793 15,
1177 2712 1270 2796 2),
1338 2712 1588 2776 ‘hodie'
1649 2713 1842 2795 (Plin.
1876 2714 2059 2793 epist.
2091 2716 2141 2796 I,
2173 2717 2229 2796 9,
2265 2714 2353 2799 1),
2422 2716 2633 2780 ‘istic'
2695 2716 2848 2801 (Cic.
2911 2719 3000 2781 ad

645 2813 793 2877 fam.
825 2812 1004 2896 XIV,
1039 2816 1133 2896 14,
1166 2813 1249 2896 2).
1318 2815 1501 2897 Quod
1545 2814 1602 2879 si
1646 2814 1863 2897 fiebat,
1908 2835 2091 2880 nemo
2139 2818 2442 2883 dubitare
2484 2818 2727 2900 potuit,
2772 2825 2998 2883 utrum

648 2916 726 2979 de
771 2919 950 2980 statu
997 2935 1073 2980 30
1118 2916 1496 2981 valetudine
1543 2936 1626 2980 an
1673 2918 1751 2981 de
1799 2918 2161 2983 actionibus
2206 2919 2745 3001 interrogaretur.

819 3018 975 3087 Cum
1039 3019 1223 3097 ‘quid
1285 3017 1500 3100 agis?'
1566 3023 1831 3083 nostrae
1896 3019 2213 3085 formulae
2272 3023 2442 3086 ‘was
2501 3024 2756 3086 machst
2813 3022 2997 3087 DuP’

646 3121 1034 3200 respondere
1074 3120 1441 3202 dixerimUS,
1487 3120 1621 3186 alia
1650 3120 2179 3201 frequentissima
2208 3124 2508 3188 formula:
2556 3125 2708 3206 quid
2738 3125 3003 3207 aqitur?
3071 3123 3084 3137 '

646 3222 816 3286 idem
876 3222 1171 3287 declarat
1228 3224 1395 3302 quod
1448 3228 1764 3288 nostrum:
1822 3225 1947 3289 wie
1992 3227 2149 3307 geht
2195 3225 2307 3290 039
2394 3226 2607 3291 Η111113
2652 3227 2821 3291 0111111
2864 3226 2997 3291 for-

648 3324 860 3388 mulae
919 3325 1249 3389 sententia
1306 3325 1405 3389 ita
1462 3344 1589 3389 non
1653 3327 1960 3409 ambigua
2004 3332 2127 3410 est,
2191 3333 2265 3392 ut
2309 3329 2474 3393 nihil
2519 3329 2644 3393 nisi
2691 3331 2769 3393 de
2814 3332 3000 3394 statu

649 3445 726 3491 ac
770 3425 1146 3491 valetudine
1189 3427 1635 3509 interrogetur
1680 3434 1877 3508 atque
1921 3431 2406 3509 respondeatur.
2494 3431 2804 3495 Formula
2846 3436 2999 3512 post

648 3527 827 3591 illam
890 3528 1164 3593 alteram
1226 3536 1371 3593 orta
1429 3531 1708 3595 videtur.
1796 3529 1981 3597 Nam.
2013 3532 2290 3613 primum
2337 3534 2617 3614 quidem,
2679 3552 2820 3597 cum
2863 3533 2998 3597 iam

650 3632 820 3710 apud
867 3631 1244 3695 Terentium
1305 3632 1700 3697 dominatum
1760 3638 2010 3716 teneat,
2070 3635 2137 3698 in
2183 3635 2406 3699 Plauti
2467 3635 2808 3700 comoediis
2865 3634 2997 3700 fre-

650 3732 918 3811 quentia
962 3734 1044 3797 ab
1092 3734 1304 3798 altera
1347 3734 1538 3816 longe
1583 3736 2025 3820 superatur31)
2073 3738 2303 3801 deinde
2337 3738 2505 3817 apud
2536 3737 2709 3801 hunc
2737 3742 2998 3819 poetam

652 3838 806 3898 sunt
849 3834 990 3917 loci,
1037 3836 1147 3914 qui
1192 3838 1642 3901 demonstrant
1686 3857 1828 3902 eum
1874 3841 2127 3903 modum
2171 3839 2473 3918 loquendi
2503 3840 2813 3904 Romanis
2859 3839 2997 3904 eius

653 3936 894 4000 aetatis
967 3956 1202 4002 novum
1279 3943 1346 4002 et
1413 3958 1621 4019 paene
1687 3940 2050 4004 inauditum
2118 3959 2258 4005 esse
2324 3941 2552 4006 visum.
2670 3942 2997 4023 Scriptum

652 4038 942 4105 videmus
986 4040 1053 4104 in
1098 4041 1327 4105 Pseud.
1360 4044 1507 4106 454:
1569 4041 1628 4106 S.
1676 4042 1887 4124 Salve,
1935 4043 2085 4122 quid
2133 4043 2399 4124 agitur?
2488 4044 2719 4109 Statur
2762 4044 2870 4109 hic
2914 4045 2997 4108 ad

824 4263 865 4329 ι)
905 4261 981 4314 cf.
1019 4262 1116 4315 Th.
1142 4262 1202 4316 L.
1228 4263 1287 4315 L.
1313 4263 1356 4331 1,
1383 4265 1531 4319 1380.
