3187 4930
2595 300 2671 367 13

326 481 613 542 scentem
657 475 841 541 illum
886 475 1046 542 alios
1093 473 1493 558 gladiatores
1539 493 1881 556 superasse
1928 493 2196 554 eamque
2233 476 2321 539 -ob
2368 494 2504 540 rem
2548 476 2671 539 hac

326 581 542 644 salute
588 580 771 644 Ἔνθ’
818 580 1180 644 acclamari.
1269 580 1500 645 Nescio
1547 599 1631 644 an
1678 578 1810 644 alia
1855 597 2104 657 quoque
2150 577 2459 661 exempla,
2506 597 2671 658 quae

325 682 396 746 in
441 683 556 747 Th.
584 682 652 747 L.
677 683 750 747 L.
773 683 858 764 ΙΙ,
904 702 961 763 p.
997 685 1160 747 1300
1186 701 1274 762 sq.
1323 683 1703 764 afferuntur,
1749 686 1823 746 ut
1870 681 2010 745 CIL
2042 683 2231 746 3022:
2279 700 2401 746 ave
2446 679 2671 746 lud...

327 787 546 849 eodem
591 788 777 850 modo
823 785 1321 866 interpretanda
1365 785 1512 850 81111.

498 889 638 970 Quo
700 908 779 953 ex
840 907 959 953 usu
1022 889 1216 953 facile
1274 888 1709 970 intellegitur,
1758 887 1927 967 ’quid
1984 887 2263 952 formula
2322 887 2670 969 significet:

326 992 574 1073 ‘gaude
591 992 620 1055 ’.
711 991 1124 1071 Spectatores
1184 1009 1290 1055 eos
1350 991 1775 1073 gladiatoreS,
1836 989 1948 1068 qui
2007 993 2124 1054 aut
2175 989 2311 1054 iam
2369 991 2672 1055 vicerunt

326 1095 446 1156 aut
510 1092 753 1156 victuri
819 1092 1150 1174 videntur,
1219 1093 1588 1172 admonent,
1657 1095 1730 1155 ut
1796 1091 2077 1155 victoria
2142 1110 2258 1155 sua
2324 1093 2670 1172 gaudeant.

323 1195 560 1275 Itaque
606 1194 843 1260 Graeci
886 1195 1320 1260 Romanorum
1366 1195 1827 1259 salutationem
1873 1195 2055 1259 Ἔνθ’
2101 1213 2218 1274 per
2260 1196 2517 1278 χαίροις
2562 1213 2669 1259 ex-

325 1298 607 1379 primere
651 1298 878 1362 solent.
893 1296 943 1381 1)

497 1400 959 1465 Controversia
1018 1406 1118 1471 est
1178 1402 1255 1464 de
1309 1400 1561 1482 origine
1616 1400 1809 1465 vocis
1897 1401 2149 1465 Putant
2193 1400 2362 1465 enim
2409 1401 2668 1480 quidam

324 1502 455 1567 viri
522 1503 695 1567 docti
713 1503 764 1586 2)
832 1502 1175 1566 formulam
1241 1522 1379 1567 esse
1447 1503 1814 1568 derivatam
1875 1521 1954 1567 ex
2014 1503 2265 1567 Punica
2322 1502 2441 1567 illa
2499 1503 2667 1567 salu-

323 1605 600 1688 tatione,
669 1624 834 1684 quae
901 1605 1229 1687 significat
1293 1605 1507 1670 ‘vive’
1575 1606 1884 1684 cuiusque
1950 1598 2268 1685 pluralem
2334 1624 2669 1670 numerum

324 1707 511 1773 ‘avo’
557 1708 869 1788 scriptum
914 1709 1206 1772 videmus
1253 1711 1424 1788 apud
1467 1708 1778 1773 Plautum
1822 1708 1890 1771 111
1920 1709 2113 1772 Ροθ11.
2138 1710 2278 1791 994,
2312 1711 2452 1791 998,
2488 1711 2669 1772 1001.

325 1809 534 1891 Quam
593 1810 1026 1876 coniecturam
1087 1812 1259 1875 haud
1320 1811 1418 1875 ita
1475 1830 1778 1892 magnam
1838 1811 2115 1891 speciem
2179 1811 2669 1891 probabilitatis

324 1911 567 1977 habere
635 1932 887 1995 cense0,
955 1914 1081 1977 etsi
1148 1915 1421 1978 concedo
1487 1914 1556 1977 in
1625 1918 1966 1992 utramque
2032 1918 2283 1994 partem
2345 1913 2669 1995 disputari

323 2033 528 2095 posse.
617 2016 783 2079 Nam
845 2034 987 2079 cum
1046 2015 1178 2080 11118
1237 2016 1400 2080 viris
1460 2017 1666 2080 doctis
1726 2015 2006 2086 formula
2066 2036 2105 2080 a
2163 2017 2362 2081 verbo
2409 2016 2667 2081 ‘avere’

325 2118 545 2182 aliena
603 2118 909 2182 videatur
952 2118 1327 2197 nullumque
1373 2119 1734 2199 exemplum
1778 2118 2095 2183 formulae
2142 2122 2296 2183 ante
2342 2118 2669 2184 Ciceronis

323 2224 619 2300 tempora
674 2221 976 2302 exsistat,
1035 2221 1212 2285 haud
1255 2221 1386 2286 scio
1434 2241 1518 2286 an
1563 2222 1903 2300 quisquam
1950 2221 2281 2286 existimet
2325 2220 2667 2285 formulam

323 2323 513 2387 ‘ave’
560 2322 752 2386 bellis
796 2322 1061 2387 Punicis
1105 2324 1375 2386 Romam
1421 2343 1561 2388 esse
1606 2324 2040 2403 importatam.

493 2425 624 2490 Nos
683 2429 903 2490 tamen
957 2429 1252 2491 tenemus
1298 2425 1484 2491 Ἔνθ’
1532 2443 1672 2491 θ88θ
1717 2425 2177 2507 imperativum
2221 2426 2409 2492 verbi
2455 2445 2668 2492 avere.

323 2528 489 2592 Nam
549 2530 718 2606 quod
761 2529 944 2593 Paul.
993 2531 1074 2593 ad
1118 2529 1294 2593 Fest.
1330 2531 1410 2592 14
1469 2531 1766 2593 adnotat:
1829 2529 2057 2594 ‘avere
2117 2530 2282 2594 nihil
2343 2530 2521 2593 aliud
2569 2535 2670 2594 est

325 2650 517 2709 quam
564 2649 814 2712 cupere.
890 2634 1274 2712 argumento
1308 2650 1447 2695 esse
1480 2632 1739 2696 avidum
1775 2638 1842 2696 et
1874 2632 2278 2712 aviditatem,
2325 2651 2405 2696 ex
2437 2632 2668 2711 quibus

321 2733 669 2813 praecipue
715 2733 1038 2814 cupiditas
1083 2733 1509 2815 intellegitur,
1557 2753 1698 2798 cum
1743 2735 2068 2816 significet
2112 2738 2180 2799 et
2219 2734 2552 2816 ‘gaudere'
2587 2771 2667 2780 -

321 2835 428 2899 1110
493 2836 632 2916 ipse
697 2836 875 2900 locus
942 2836 1219 2900 maxime
1286 2836 1553 2900 idoneus
1623 2842 1723 2900 est
1782 2838 1865 2900 ad
1924 2837 2317 2901 sententiam
2377 2842 2666 2902 nostram

322 2938 838 3003 confirmandam.
928 2940 1095 3002 Nam
1140 2939 1295 3017 quid
1338 2938 1567 3003 melius
1613 2942 2015 3019 spectatores
2045 2940 2491 3022 certantibus,
2550 2939 2665 3003 im-

320 3041 547 3122 primis
594 3046 812 3106 autem
856 3042 961 3125 118,
1023 3042 1132 3120 qui
1178 3041 1422 3106 victuri
1466 3042 1888 3126 videbantur,
1936 3042 2297 3107 acclamare
2341 3047 2664 3125 poterant,

321 3161 513 3220 quam
558 3148 633 3207 ut
677 3143 866 3208 simul
913 3145 1220 3224 gaudium
1266 3149 1333 3207 et
1378 3144 1742 3224 cupidinem
1787 3145 2090 3209 vincendi
2137 3146 2570 3209 ostenderent.

490 3245 549 3309 E
616 3243 952 3325 palaestra
1016 3246 1223 3326 igitur
1287 3246 1565 3310 formula
1634 3247 1818 3313 Ἔνθ’
1877 3247 1946 3310 111
2005 3247 2212 3313 vitam
2272 3248 2664 3312 cotidianam

322 3348 776 3429 commigravit
821 3352 889 3413 et
932 3347 1244 3413 salutatio
1291 3353 1390 3413 est
1434 3348 1629 3414 facta.

493 3450 766 3515 Certant
810 3453 889 3515 de
920 3452 1390 3534 orthographia
1420 3453 1548 3518 viri
1579 3453 1756 3518 dicti.
1823 3453 2074 3517 ‘Have'
2116 3454 2373 3534 saepius
2404 3452 2662 3536 legitur,

322 3552 520 3617 etiam
572 3554 642 3618 in
694 3553 933 3635 11111118,
989 3574 1254 3633 quorum
1308 3562 1527 3620 tamen
1580 3555 1845 3636 plurimi
1898 3574 2105 3635 neque
2158 3556 2366 3620 bonae
2422 3557 2663 3621 aetatis

321 3674 529 3735 neque
584 3658 985 3721 eruditorum
1037 3658 1363 3722 hominum
1416 3661 1584 3723 811111.
1689 3659 1814 3723 Sed
1870 3678 2201 3723 censemus
2255 3658 2660 3741 Quintiliano

318 3758 508 3823 fidem
554 3777 693 3824 esse
738 3760 1120 3843 habendam,
1169 3762 1278 3840 qui
1306 3762 1466 3826 Inst.
1491 3780 1578 3825 or.
1607 3761 1657 3844 I,
1683 3764 1738 3845 6,
1762 3764 1839 3825 21
1890 3763 2052 3827 haec
2096 3763 2277 3826 dicit:
2324 3762 2662 3826 litteratus

319 3859 458 3925 sine
504 3861 904 3943 aspiratione
951 3867 1017 3927 et
1061 3864 1377 3943 producta
1421 3865 1704 3928 secunda
1747 3861 2005 3945 syllaba
2049 3863 2313 3928 salutat.
2367 3901 2447 3910 -
2501 3865 2661 3928 Inde

491 4116 531 4184 ¹)
580 4115 798 4170 Hieron.
846 4118 905 4171 in
952 4120 1118 4174 Math.
1158 4121 1237 4188 16,
1276 4122 1364 4175 11:
1422 4120 1562 4187 quod
1615 4135 1808 4190 graece
1863 4119 2064 4174 dicitur
2117 4120 2327 4190 ‘xaz'oe'
2382 4125 2438 4174 et
2489 4118 2661 4173 latine

320 4201 491 4256 ‘ave'.
529 4202 757 4255 —.Alia
793 4206 1038 4271 exempla
1074 4208 1219 4275 apud
1254 4207 1304 4261 J.
1331 4208 1381 4261 J.
1409 4207 1695 4260 Claudium
1733 4208 1767 4260 l.
1793 4207 1827 4259 1.
1866 4224 1915 4274 p.
1942 4208 2023 4261 25.

487 4289 532 4359 ²)
569 4288 667 4342 Th.
693 4288 800 4342 LL.
826 4289 899 4360 Π,
926 4291 1072 4349 1300.
