3187 4930
581 298 658 362 12

574 489 703 536 non
747 469 1127 535 resalutare.
1217 469 1387 552 Quin
1433 469 1633 534 etiam
1677 469 1758 552 is,
1819 470 1929 550 qui
1975 471 2056 534 ad
2100 471 2269 536 hanc
2311 470 2727 536 insolentiam
2771 491 2921 554 pro-

576 574 788 657 cessit,
834 573 1015 638 nulla
1059 572 1270 639 salute
1317 573 1551 655 dignus
1597 573 1962 638 videbatur.
2049 574 2261 638 Huius
2308 593 2557 654 quoque
2601 575 2700 640 rei
2729 577 2920 641 testi-

574 678 855 742 monium
916 678 1219 741 debemus
1278 674 1599 759 Martiali,
1661 676 1771 756 qui
1828 676 1897 740 in
1959 676 2160 758 epigr.
2200 676 2312 760 IV,
2356 678 2454 759 83,
2495 679 2533 742 3
2592 679 2919 744 hominem

574 781 893 859 quendam
955 780 1299 860 superbum
1358 778 1534 843 hisce
1597 779 1818 843 verbis
1877 779 2238 859 vituperat:
2298 779 2606 844 ‘Securus
2665 780 2918 846 nullum

573 881 925 966 resalutaS,
1029 881 1303 963 despicis
1405 881 1670 946 omnes’.
1815 881 2039 962 Neque
2125 880 2300 965 fugit
2384 882 2745 968 Donatum,
2845 884 2918 951 in

573 984 847 1066 Adelph.
895 988 974 1051 80
999 1004 1107 1050 ss.:

877 1158 961 1221 M.
1028 1156 1290 1222 Salvom
1335 1160 1404 1221 te
1451 1157 1778 1240 advenire,
1824 1157 2086 1240 Demea,
2134 1132 2503 1239 gaudemus

875 1260 953 1325 D.
1016 1260 1226 1325 Ehem
1271 1267 1647 1342 opportune,
1691 1263 1759 1324 te
1804 1260 2013 1341 ipsum
2059 1260 2372 1340 quaerito.

571 1449 950 1514 Terentium
995 1449 1255 1514 ‘melius
1300 1469 1490 1530 quam
1537 1451 1966 1515 Menandrum
1996 1450 2244 1534 fecisse,
2291 1453 2459 1530 quod
2489 1452 2795 1516 Demeam
2830 1453 2915 1516 ad

568 1552 851 1634 iurgium
895 1553 1355 1634 promptiorem
1401 1572 1592 1632 quam
1639 1552 2109 1617 resalutantem
2153 1553 2386 1617 fecerit
2402 1554 2432 1618 ’.

739 1656 978 1720 Datam
1042 1660 1501 1737 acceptamque
1561 1654 1840 1720 salutem
1886 1663 2245 1736 sequuntur
2286 1657 2738 1738 interrogandi
2781 1656 2910 1721 for-

567 1758 797 1823 mulae.
907 1758 1088 1840 Quae
1154 1777 1343 1837 quam
1409 1758 1612 1823 tritae
1680 1761 1748 1822 et
1812 1758 2243 1839 pervulgatae
2308 1758 2581 1841 fuerint,
2647 1762 2912 1839 praeter

452 1931 456 1937 ,
567 1861 998 1926 salutationes
1042 1861 1218 1941 ipsas
1263 1860 1503 1942 optime
1547 1861 1835 1925 ostendit
1879 1861 2210 1926 Martialis
2255 1861 2455 1942 epigr.
2487 1862 2573 1943 II,
2605 1863 2710 1926 67:

823 2013 1088 2079 Occuris
1135 2032 1530 2093 quocumque
1573 2013 1713 2078 loco
1758 2014 1933 2097 mihi,
1978 2015 2302 2096 Postume,
2349 2014 2589 2078 clamas

820 2116 1130 2180 Protinus
1177 2120 1244 2180 et
1287 2117 1499 2198 prima
1543 2122 1645 2181 est
1689 2117 1850 2181 haec
1895 2122 2013 2181 tua
2055 2137 2206 2181 vox:
2253 2118 2420 2199 Quid
2470 2117 2654 2199 agis?

820 2219 977 2301 Hoc,
1025 2218 1080 2282 si
1124 2237 1225 2282 me
1272 2219 1483 2283 decies
1527 2237 1659 2282 una
1704 2219 2082 2283 conveneris
2127 2220 2305 2300 hora,

818 2321 1026 2386 Dicis:
1073 2322 1275 2386 habes
1319 2326 1477 2402 puto
1524 2325 1614 2405 tu,
1659 2323 1981 2401 Postume,
2028 2321 2122 2386 nil
2168 2323 2331 2402 quod
2382 2341 2559 2404 agas

737 2493 862 2557 Sed
906 2492 1205 2573 partibus
1250 2492 1669 2558 salutationis
1715 2493 2027 2573 expositis
2071 2512 2241 2557 nunc
2282 2496 2365 2559 ad
2395 2494 2705 2578 formulas
2736 2495 2906 2559 salu-

443 2598 460 2612 ·
566 2595 836 2660 tationis
883 2597 1276 2661 accedamus

1123 2888 1270 2953 ΙΙΙ.
1336 2889 1441 2955 De
1487 2888 1825 2955 formulis
1872 2890 2348 2956 salutationis.

735 3026 1095 3106 Praecipue
1154 3026 1523 3090 inserviunt
1580 3027 1965 3091 salutationi
2010 3030 2175 3092 duae
2220 3027 2559 3091 formulae:
2607 3028 2793 3091 ‘ave’
2840 3031 2907 3092 et

565 3129 779 3193 ‘salve
795 3129 826 3209 ’,
873 3147 1143 3208 quarum
1188 3133 1530 3208 utramque
1574 3130 1759 3210 pueri
1804 3133 2058 3194 norunt.
2146 3130 2443 3211 Agedum
2486 3129 2905 3214 inquiramus

566 3232 799 3311 quibus
844 3232 1038 3295 rebus
1084 3223 1259 3295 inter
1303 3250 1372 3295 se
1417 3232 1740 3296 differant.

734 3334 1045 3398 Formula
1119 3334 1294 3397 ‘avc'
1361 3334 1677 3416 originem
1743 3335 2005 3399 videtur
2070 3337 2335 3399 trahere
2402 3354 2437 3399 e
2502 3335 2728 3417 lingua
2792 3354 2904 3415 pa-

564 3438 864 3501 laestrae.
940 3437 1124 3519 Quod
1169 3439 1573 3501 demonstrat
1618 3438 1904 3501 Martial.
1937 3437 2137 3518 epigr.
2167 3438 2287 3520 III,
2320 3438 2419 3520 95,
2454 3440 2550 3519 14,
2596 3456 2781 3516 quem
2822 3439 2906 3501 ad

564 3541 770 3604 locum
844 3538 1315 3603 Friedlaender
1387 3540 1732 3605 adnotavit
1803 3539 1965 3603 illud
2038 3539 2279 3605 ‘vincis
2350 3540 2552 3604 have’
2625 3539 2907 3604 fortasse

566 3642 1096 3707 acclamationem
1146 3641 1363 3707 fuisse.
1451 3644 1527 3706 Id
1575 3661 1648 3707 eo
1695 3642 2135 3725 confirmatur,
2197 3643 2363 3721 quod
2407 3642 2722 3706 Huebner
2741 3642 2789 3725 1)
2836 3642 2907 3706 in

563 3746 827 3810 vasculo
887 3745 1251 3828 quodam,²)
1312 3746 1379 3809 in
1441 3764 1564 3825 quo
1610 3745 1746 3809 ludi
1790 3745 2169 3826 gladiatorii
2215 3744 2457 3826 depicti
2501 3751 2677 3828 sunt,
2736 3745 2907 3809 hanc

562 3848 1050 3929 inscriptionem
1109 3848 1387 3913 invenit:
1455 3848 1707 3912 Hierax
1766 3847 1939 3931 vale,
2008 3848 2279 3929 Olympe
2340 3847 2513 3931 vale,
2581 3847 2905 3912 Antioche

562 3951 728 4034 vale,
776 3952 1083 4016 Crescens
1130 3971 1267 4016 ave.
1355 3951 1521 4015 Eam
1566 3950 2053 4030 inscriptionem
2099 3949 2192 4014 sic
2235 3950 2716 4032 interpretatur
2754 3950 2903 4015 Cre·-

734 4209 774 4275 1)
812 4207 1135 4260 Monatsber.
1164 4207 1211 4260 d.
1237 4207 1382 4260 Berl.
1410 4207 1584 4260 Akad.
1612 4209 1760 4276 1886,
1797 4223 1848 4276 p.
1874 4208 1956 4263 87.

732 4296 775 4367 ²)
812 4293 928 4352 CIL
962 4293 1262 4361 VII,1273.
