3187 4930
627 281 706 348 16

624 472 822 518 causa
866 457 1244 536 usurpatur,
1289 450 1357 517 in
1402 450 1700 517 Alexidis
1745 469 1901 518 vero
1946 449 2175 533 fragm.
2209 451 2331 517 297
2381 448 2621 535 (Kock)
2669 469 2809 516 eam
2859 468 2987 533 pro

624 555 955 620 salutandi
999 555 1277 619 formula
1322 573 1462 620 esse
1507 556 1874 620 habendam
1918 554 2335 619 manifestum
2381 559 2497 617 est.
2574 555 2700 619 Sed
2743 561 2984 635 postea

625 676 778 722 usus
809 658 1111 740 obtinuit,
1158 661 1233 721 ut
1263 659 1647 722 accedentes
1679 658 1971 722 dicerent
2000 671 2203 741 χαῖρε,
2253 657 2659 721 discedentes
2699 654 2981 741 ὑγίαινε,

626 779 819 839 quam
891 779 1027 825 rem
1102 762 1547 825 demonstrare
1614 759 1879 825 videtur
1942 760 2338 824 Plutarchus
2403 760 2473 823 in
2546 759 2718 824 libro
2787 778 2981 838 quem

626 863 891 944 scripsit
921 865 1000 927 de
1030 863 1427 944 garrulitate
1459 882 1596 944 cap.
1631 865 1703 927 11
1731 888 1743 927 :
1790 861 2116 936 ἐλθόντος
2147 854 2272 926 οὖν
2304 859 2537 939 ἕωθεν,
2586 859 2680 936 ὥς
2726 861 2977 939 εἰώθει,

623 974 747 1030 τοῦ
812 967 1151 1045 Φουλβίου
1225 964 1397 1048 πρὸς
1475 963 1687 1030 αὐτὸν
1746 966 1859 1029 καὶ
1921 963 2253 1038 εἰπόντος·
2331 978 2516 1047 χαῖρε
2571 968 2831 1046 Καῖσαρ
2890 1003 2981 1010 —

619 1066 923 1152 Ὑγίαινε,
971 1064 1138 1145 εἶπε,
1190 1067 1506 1148 Φούλβιε·
1575 1063 1885 1142 κάκεῖνος
1930 1066 2178 1152 νοήσας
2222 1064 2432 1150 ᾤχετο
2480 1065 2703 1132 ἀπιών
2749 1067 2980 1132 οἴκαδε

624 1172 738 1234 καὶ
791 1169 916 1256 τὴν
968 1184 1249 1253 γυναῖκα
1293 1169 1910 1255 μεταπεμψάμενος·
1982 1168 2337 1253 ἔγνωσκεν,
2396 1167 2550 1253 ἔφη,
2610 1166 2646 1233 ὁ
2692 1173 2975 1252 Καῖσαρ,

628 1266 738 1337 ὅτε
767 1271 847 1337 τὸ
881 1270 1267 1357 ἄπόῤῥητον
1298 1270 1423 1337 οὐκ
1455 1271 1816 1356 ἐσιώπησα,
1863 1272 1976 1336 καὶ
2009 1269 2118 1335 διὰ
2158 1280 2362 1336 τοῦτο
2408 1272 2627 1355 μέλλω
2675 1269 2979 1354 ἀναιρεῖν

626 1373 932 1459 ἐμαυτόν.
1000 1413 1086 1421 -
1151 1375 1392 1458 Quodsi
1459 1394 1587 1439 non
1655 1375 2056 1461 dubitamus,
2126 1373 2280 1453 quin
2345 1374 2740 1438 Plutarchus
2806 1373 2980 1438 hanc

625 1477 917 1542 fabulam
985 1480 1155 1558 apud
1221 1478 1603 1558 scriptorem
1669 1478 2030 1542 Romanum
2101 1476 2463 1558 invenerit,
2537 1482 2756 1541 tamen
2829 1495 2979 1540 eum

625 1581 1060 1645 Romanorum
1118 1580 1461 1644 formulam
1520 1580 1853 1644 salutandi
1906 1598 2065 1644 voce
2123 1593 2335 1663 χαῖρε,
2398 1578 2741 1643 formulam
2794 1579 2977 1644 vale-

627 1683 881 1747 dicendi
925 1702 1083 1748 voce
1128 1680 1381 1766 ὑγίαινε
1429 1682 1824 1763 expressisse
1870 1682 2178 1747 videmus,

795 1786 990 1850 Haud
1034 1786 1133 1849 ita
1161 1785 1516 1850 verisimile
1562 1788 1664 1849 est
1694 1785 1978 1850 Graecos
2022 1785 2090 1849 in
2136 1803 2254 1849 usu
2300 1804 2525 1849 earum
2554 1783 2980 1849 formularum

625 1890 932 1952 mutando
994 1893 1247 1952 secutos
1293 1906 1432 1952 esse
1479 1887 1842 1967 exemplum
1885 1888 2354 1968 Romanorum,
2419 1889 2530 1951 sed
2576 1891 2825 1951 certum
2873 1890 2980 1949 est
3017 1872 3020 1875 ’

626 1989 1063 2053 Romanorum
1095 1989 1446 2069 scriptores
1477 2008 1954 2068 nonnumquam
1988 1987 2384 2053 Graecorum
2414 1987 2722 2053 formulas
2748 1991 2981 2067 aperte

625 2091 918 2156 imitatos
964 2111 1119 2156 esse.
1208 2092 1449 2174 Quodsi
1494 2091 1702 2173 igitur
1745 2092 2062 2155 Horatius
2108 2091 2176 2154 in
2222 2092 2407 2172 epist.
2437 2091 2495 2168 I,
2529 2093 2648 2174 8,1
2703 2089 2980 2154 amicum

626 2194 728 2258 his
774 2195 994 2259 verbis
1044 2194 1427 2274 alloquitur:

940 2347 1122 2413 Celso
1170 2350 1456 2430 gaudere
1501 2352 1569 2412 et
1613 2348 1777 2412 bene
1822 2366 1958 2412 rem
2003 2366 2233 2428 gerere
2278 2348 2688 2412 Albinovano

936 2451 1127 2515 Musa
1170 2455 1406 2532 rogata
1450 2449 1626 2515 refer

631 2608 793 2671 haec
853 2607 1165 2671 salutatio
1226 2607 1324 2671 ita
1383 2627 1422 2671 a
1479 2602 1915 2671 Romanorum
1976 2607 2439 2672 consuetudine
2498 2606 2837 2685 abhorret,
2903 2608 2982 2669 ut

630 2709 761 2773 iam
815 2710 1171 2774 Lambinus
1233 2715 1412 2794 recte
1472 2710 1880 2790 perspexerit
1939 2729 2081 2774 eam
2145 2711 2228 2773 ad
2287 2709 2557 2775 verbum
2611 2709 2981 2771 traductam

634 2831 773 2877 esse
842 2832 921 2876 ex
986 2812 1104 2876 illa
1170 2811 1508 2876 notissima
1574 2812 1974 2877 salutatione
2036 2812 2432 2877 Graecorum
2490 2824 2673 2894 χαῖρε
2732 2811 2846 2873 καὶ
2906 2799 2981 2872 εὖ

632 2922 901 2995 πρᾶττε.
957 2914 1266 2978 Eiusdem
1288 2913 1607 2978 formulae
1631 2932 1746 2977 nos
1771 2915 2073 2978 admonet
2094 2914 2320 2979 Plauti
2343 2913 2508 2977 illud
2532 2911 2736 2996 (Trin.
2762 2913 2840 2975 77
2845 2913 2882 2973 2
2896 2908 2981 2992 s):

634 3015 912 3079 salutem
960 3016 1019 3080 ei
1065 3016 1327 3080 nuntiet
1370 3016 1590 3080 verbis
1634 3016 1875 3096 patris:
1934 3016 2118 3080 illum
2165 3018 2329 3081 bene
2373 3033 2603 3098 gerere
2647 3017 2715 3077 et
2757 3012 2983 3077 valere

637 3123 704 3182 et
748 3118 990 3183 vivere.

807 3221 1170 3285 Teneamus
1200 3221 1407 3302 igitur
1451 3226 1519 3285 et
1563 3222 1983 3286 salutationis
2025 3221 2369 3286 formulam
2417 3218 2661 3285 ‘salve’
2707 3222 2774 3282 et
2803 3216 2980 3281 vale-

636 3323 938 3388 dictionis
984 3323 1195 3388 ‘vale’
1249 3324 1398 3388 inde
1454 3343 1593 3388 esse
1637 3324 1990 3404 profectaS,
2047 3326 2216 3403 quod
2259 3324 2549 3388 homines
2593 3321 2868 3387 invicem
2912 3336 2983 3381 se

637 3425 1004 3490 salutantes
1064 3425 1416 3490 sanitatem
1477 3426 1616 3491 sive
1662 3426 2105 3492 valetudinem
2165 3425 2292 3490 sibi
2353 3425 2688 3505 optabant.
2776 3422 2984 3504 Quam

638 3528 1056 3593 salutationis
1100 3529 1494 3593 sententiam
1541 3531 1700 3593 adeo
1746 3548 1874 3593 non
1918 3529 1985 3592 in
2033 3528 2423 3593 oblivionem
2469 3528 2752 3607 venisse,
2798 3526 2872 3587 ut
2912 3522 2983 3585 in

640 3632 1082 3711 respondendo
1145 3650 1394 3710 quoque
1454 3650 1650 3711 saepe
1711 3632 2147 3711 respiceretur
2192 3668 2272 3678 —
2319 3647 2485 3709 quae
2543 3630 2798 3708 quidem
2844 3624 2985 3689 dili-

639 3734 866 3819 gentia
924 3734 1108 3799 nobis
1167 3735 1234 3797 in
1294 3734 1649 3799 vernacula
1710 3734 1938 3815 lingua
1998 3734 2226 3816 ignota
2287 3735 2387 3795 est
2445 3768 2527 3776 —
2590 3733 2863 3812 apparet
2906 3745 2987 3790 ex

641 3836 1074 3917 compluribus
1132 3837 1291 3901 locis
1349 3841 1688 3917 poetarum
1753 3836 2157 3901 comicorum:
2227 3835 2407 3899 Curc.
2457 3836 2599 3898 121:
2665 3834 2737 3897 P.
2777 3830 2985 3896 Salve.

638 3976 725 3985 ——
767 3939 839 4004 L.
877 3940 1105 4021 Egone
1166 3940 1355 4005 salva
1412 3940 1562 4020 sim,
1624 3957 1790 4018 quae
1849 3939 1962 4003 siti
2022 3939 2194 4002 sicca
2253 3936 2439 4002 sum?
2495 3974 2577 3981 —
2622 3936 2802 3999 Asin.
2832 3935 2986 3999 911:

641 4044 799 4124 Arg.
840 4043 1057 4106 Mater
1123 4043 1322 4108 salve.
1387 4080 1469 4087 —
1537 4043 1680 4106 Ast.
1722 4042 1840 4106 Sat
1893 4042 2173 4106 salutist.
2239 4079 2324 4086 —
2390 4039 2577 4120 Epid.
2619 4039 2821 4102 548s:
2880 4035 2988 4099 Pe.

643 4144 844 4210 Salva
896 4146 1000 4209 sis.
1045 4183 1131 4191 —-
1172 4145 1290 4209 Ph.
1332 4145 1623 4210 Salutem
1678 4145 1923 4224 accipio
1977 4144 2063 4208 mi
2122 4151 2189 4209 et
2233 4144 2408 4208 meis
2453 4180 2537 4189 -—
2582 4140 2769 4221 Epid.
2803 4140 2925 4202 558
2943 4155 2990 4200 s.

642 4248 752 4314 Pe.
797 4248 940 4331 Ego
995 4267 1158 4332 sum,
1213 4248 1412 4313 salve.
1455 4285 1538 4293 —
1582 4248 1700 4312 Ph.
1746 4247 1948 4313 Salva
2000 4267 2165 4331 sum,
2219 4252 2287 4312 te
2341 4246 2494 4327 quia
2550 4261 2689 4309 esse
2743 4241 2993 4306 salvom
