3187 4930
1145 1390 1336 1453 Pars
1381 1389 1643 1454 tertia.

537 1539 659 1634 De
724 1539 1149 1635 formulis
1215 1540 1761 1658 quibusdam
1827 1540 2228 1637 urbanis

387 1881 529 1946 Hoc
586 1881 842 1946 nomine
901 1881 1355 1946 ‘formularum
1414 1882 1842 1946 urbanarum’
1911 1881 2397 1963 complectimur
2456 1901 2566 1947 eas

207 1983 558 2065 formulaS‚
641 2002 807 2063 quae
895 1984 1174 2047 maxime
1248 1985 1560 2048 sermonis
1636 1985 1947 2048 cotidiani
2021 1985 2324 2065 propriae
2398 1991 2566 2049 sunt.

210 2085 506 2167 Quarum
559 2086 839 2150 omnium
897 2103 976 2150 ea
1030 2090 1130 2149 est
1184 2085 1381 2167 rati0‚
1436 2090 1510 2150 ut
1564 2086 1855 2151 indicent
1899 2087 2244 2175 hominem,
2302 2086 2411 2166 qui
2458 2105 2567 2151 eas

212 2187 629 2270 pronuntiat,
681 2188 974 2253 honestis
1018 2188 1406 2268 parentibus
1450 2194 1677 2253 natum
1725 2194 1791 2253 et
1836 2188 2097 2269 optimis
2141 2190 2427 2254 moribus
2472 2189 2566 2253 in-

209 2290 519 2355 stitutum
567 2309 722 2354 esse.
790 2290 1019 2353 Multis
1065 2291 1506 2355 occasionibus
1554 2292 1852 2356 adhiberi
1897 2296 2181 2373 possunt,
2222 2291 2568 2371 praecipue

209 2413 252 2457 a
338 2392 727 2474 rogantibus
822 2391 1262 2457 invitantibus
1358 2393 1613 2474 gratias
1712 2394 2060 2476 agentibus
2150 2399 2565 2475 usurpantur.

207 2495 428 2560 Multa
503 2495 673 2560 enim
751 2496 923 2576 apud
987 2496 1311 2560 Romanos
1379 2501 1532 2560 sunt
1598 2515 1843 2578 genera
1911 2498 2214 2579 rogandi3
2297 2516 2567 2576 quorum

206 2598 372 2678 ipsis
416 2597 711 2661 formulis
758 2598 932 2661 color
976 2598 1297 2661 definitur.
1365 2598 1504 2678 Quo
1551 2600 1630 2662 de
1676 2618 1915 2678 genere
1958 2600 2235 2679 primum
2276 2599 2564 2679 disputa-

205 2700 455 2780 bimus3
502 2698 733 2762 deinde
778 2698 1061 2762 studium
1109 2700 1192 2762 ad
1237 2717 1361 2763 easx
1391 2698 1703 2764 formulas
1749 2700 2043 2765 conferre
2088 2699 2157 2764 in
2203 2701 2415 2765 animo
2450 2709 2565 2784 est,

206 2820 380 2880 quae
424 2801 773 2881 praecipue
817 2800 886 2865 in
930 2800 1168 2883 gratiis
1214 2802 1485 2882 agendis
1530 2807 1945 2881 usurpantur.

357 3056 419 3121 I.
485 3055 591 3122 De
637 3055 991 3122 formulis.
1019 3056 1402 3139 praecipue
1446 3056 1524 3119 in
1570 3055 1888 3137 rogando
1938 3056 2012 3121 et
2054 3056 2424 3122 invitando

1194 3157 1585 3239 usurpatis.

381 3275 786 3356 Frequentia
843 3275 1138 3340 omnibus
1197 3274 1493 3338 formulis
1552 3280 1897 3355 praestant
1960 3275 2335 3340 notissimae
2403 3276 2559 3340 illae

205 3379 386 3457 (εἰς’,
450 3380 668 3443 ‘sultis
690 3379 720 3457 ',
783 3377 1045 3443 ‘sodes'.
1142 3377 1491 3442 Formulae
1553 3377 1702 3442 ‘sis'
1765 3382 1832 3443 et
1893 3378 2146 3443 ‘sultis'
2206 3379 2334 3443 nisi
2390 3380 2559 3458 apud

202 3480 455 3563 priscos
520 3480 795 3545 Latinos
867 3479 981 3546 vix
1053 3480 1494 3546 inveniuntur.
1615 3481 1979 3545 Identidem
2054 3486 2318 3545 exstant
2392 3482 2562 3561 apud

202 3583 519 3649 Plautum
551 3583 1089 3663 Terentiumque3
1135 3585 1248 3647 sed
1277 3583 1561 3647 Ennium
1608 3602 1858 3662 quoque
1904 3583 2005 3647 his
2050 3582 2344 3648 formulis
2376 3602 2560 3647 usum

204 3703 351 3750 esse
405 3686 690 3750 ostendit
741 3685 982 3751 Festus
1025 3704 1082 3764 p.
1116 3687 1394 3766 510,12:
1444 3684 1641 3749 sultis
1688 3723 1768 3730 —
1814 3685 1902 3748 ‘si
1947 3685 2179 3750 vultis'
2235 3685 2562 3767 significat

205 3787 560 3867 composito
606 3788 921 3852 vocabulo
976 3787 1074 3851 ita
1128 3791 1202 3851 ut
1248 3788 1381 3851 alia
1427 3793 1611 3852 sunt:
1673 3790 1858 3852 sodes
1904 3823 1985 3833 ——
2032 3788 2118 3852 ‘si
2165 3790 2363 3852 audes
2380 3788 2411 3870 ’‚
2473 3787 2561 3851 sis

203 3926 290 3935 —-
337 3889 423 3952 ‘si
466 3889 569 3955 vis
586 3890 615 3954 ’.
704 3890 985 3954 Ennius:
1051 3890 1320 3970 pandite
1373 3890 1565 3954 sultis
1611 3909 1813 3971 genas
1860 3895 1928 3954 et
1973 3892 2162 3954 corde
2207 3889 2560 3969 relinquite

202 4009 497 4058 somnum
529 3991 813 4075 (Vahlen
856 3992 933 4057 fr.
966 3993 1135 4076 532).
1166 4031 1248 4037 —-
1280 3988 1521 4071 Atque
1547 3993 1768 4056 Cicero
1816 3992 1940 4057 etsi
1973 4011 2194 4058 vocem
2240 3993 2389 4057 ‘sis’
2421 3991 2560 4072 ipse

200 4095 554 4174 usurpavit
598 4093 750 4176 (Cic.
794 4113 910 4173 pro
957 4094 1016 4159 S.
1048 4095 1231 4160 Rosc.
1264 4095 1479 4159 Amer.
1526 4093 1702 4178 §483
1747 4113 1862 4175 pro
1905 4094 2038 4158 Mil.
2085 4094 2289 4179 §60),
2336 4098 2557 4158 tamen

202 4195 336 4260 alio
402 4194 540 4259 loco
602 4193 869 4278 (Orator
912 4194 948 4279 ξ
984 4196 1132 4279 154)
1197 4199 1383 4261 docet
1436 4196 1565 4259 iam
1626 4197 1829 4261 multo
1892 4203 2046 4261 ante
2100 4216 2218 4261 sua
2261 4202 2557 4276 tempora

201 4297 548 4361 formulam
616 4315 695 4361 ex
762 4315 881 4361 usu
949 4297 1272 4363 cotidiano
1334 4297 1694 4364 evanuisse.
1782 4299 1966 4363 Haec
2026 4299 2196 4363 enim
2257 4298 2416 4363 dicit
2476 4298 2555 4363 de

2149 4417 2212 4473 3*
