3187 4930
396 1343 550 1408 Cum
581 1343 647 1407 in
682 1343 893 1408 animo
928 1346 1100 1408 esset
1131 1344 1211 1407 de
1249 1341 1542 1406 formulis
1581 1342 1893 1429 sermonis
1928 1330 2238 1407 cotidiani
2270 1349 2566 1408 veterum

210 1448 657 1512 Romanorum
702 1446 1047 1527 disserere,
1102 1445 1319 1509 facere
1364 1464 1491 1509 non
1535 1445 1885 1526 potuimus,
1934 1446 2111 1528 quin,
2160 1446 2390 1524 quibus
2430 1448 2566 1528 fon-

218 1550 395 1612 tibus
440 1548 843 1628 potissimum
875 1548 1155 1612 animum
1195 1548 1693 1630 intenderemUS,
1738 1548 2068 1612 nobiscum
2099 1552 2568 1628 reputaremus,

212 1651 486 1716 Etenim
534 1651 828 1730 quamvis
873 1650 1210 1732 neminem,
1256 1651 1367 1729 qui
1405 1650 1666 1714 Latinis
1711 1650 1931 1715 verbis
1976 1650 2327 1733 scripserit,
2372 1651 2567 1732 plane

214 1755 694 1836 neglegendum
752 1754 937 1818 nobis
994 1772 1373 1834 persuasum
1432 1756 1628 1834 esset,
1688 1757 1907 1817 tamen
1959 1754 2080 1817 hoc
2130 1754 2275 1818 luce
2328 1753 2566 1818 clarius

215 1860 322 1921 est
367 1856 577 1922 visum
630 1875 756 1920 non
811 1875 1028 1921 omnes
1083 1858 1165 1921 ad
1217 1857 1387 1920 hanc
1430 1875 1566 1920 rem
1611 1856 2146 1935 perscrutandam
2191 1856 2381 1934 aequi
2427 1874 2567 1920 esse

212 1959 542 2023 momenti.
630 1960 795 2023 Nam
855 1959 1133 2038 primum
1195 1958 1451 2037 quidem
1503 1958 1815 2022 nonnulla
1867 1977 2110 2040 genera
2155 1958 2480 2022 scribendi
2527 1977 2567 2022 a

214 2080 513 2126 sermone
568 2060 890 2125 cotidiano
944 2078 1144 2140 prope
1197 2060 1415 2123 aliena
1467 2064 1643 2142 sunt,
1689 2065 1827 2124 tum
1873 2060 2137 2143 singuli,
2185 2060 2295 2139 qui
2340 2079 2564 2125 unum-

216 2164 514 2242 quodque
567 2181 771 2244 genus
826 2162 1189 2244 coluerunt,
1250 2162 1560 2226 sermonis
1616 2162 1927 2227 cotidiani
1979 2162 2273 2226 formulis
2332 2163 2566 2243 impari

213 2267 401 2329 modo
449 2269 602 2329 sunt
644 2265 760 2329 usi.

386 2367 814 2432 Nihilosetius
842 2385 1106 2448 prorsus
1138 2367 1351 2430 dicere
1395 2367 1549 2430 licet
1587 2355 1909 2431 ‘familiari
1954 2369 2227 2447 quodam
2274 2386 2566 2433 sermone

212 2471 494 2535 maxime
539 2471 638 2535 uti
683 2472 1075 2550 comoediam,
1121 2470 1340 2552 paullo
1386 2470 1597 2534 minus
1641 2471 1865 2551 poesin
1911 2471 2259 2535 satiricam.
2349 2472 2565 2554 Quare

214 2592 400 2638 nemo
431 2573 780 2637 mirabitur
811 2569 883 2636 vin
916 2574 1041 2637 hac
1080 2573 1541 2637 dissertatione
1570 2573 1796 2637 Plauti
1828 2573 2223 2652 Terentique
2270 2574 2564 2654 exempla

213 2675 588 2754 frequentia
644 2676 836 2755 longe
889 2693 1199 2755 superare
1254 2679 1501 2738 ceteros
1557 2674 1668 2753 qui
1723 2675 2101 2740 afferuntur.
2212 2675 2338 2739 Sed
2390 2676 2565 2741 inter

214 2778 332 2841 hos
377 2777 549 2857 ipsos
591 2781 819 2858 poetas
863 2778 1135 2842 multum
1182 2777 1474 2842 interest.
1565 2778 1911 2841 Terentius
1950 2777 2329 2857 plerumque
2359 2777 2563 2843 Grae-

217 2898 432 2943 corum
488 2879 748 2944 fabulas
802 2880 965 2944 satis
1020 2884 1325 2944 accurate
1379 2879 1676 2944 imitatus
1722 2897 1863 2943 esse
1908 2880 2195 2961 videtur3
2257 2880 2563 2945 ‘Plautus

216 2982 445 3046 allein'
506 2986 579 3045 ut
624 2982 959 3047 Skutschii
985 2982 1031 3066 ¹)
1085 2982 1441 3063 praeclaris
1494 2981 1715 3050 verbis
1769 2986 1943 3065 utar,
2005 2982 2219 3047 ‘fuhrt
2272 3002 2391 3047 uns
2438 2985 2562 3048 den

213 3084 934 3149 Durchschnittsromer
992 3104 1136 3166 vor,
1204 3086 1444 3148 redend
1507 3085 1631 3148 wie
1697 3084 1830 3147 ihm
1898 3086 2011 3149 der
2071 3084 2393 3149 Schnabel
2451 3105 2559 3166 ge-

214 3186 520 3249 wachsen
577 3186 695 3266 ist3
755 3186 932 3250 seine
978 3186 1183 3249 Verse
1243 3185 1537 3265 spiegeln
1596 3185 1681 3248 im
1741 3204 1994 3266 ganzen
2049 3187 2165 3250 das
2217 3186 2561 3268 lebendige

214 3288 451 3352 Latein
505 3287 573 3351 in
626 3288 841 3351 seiner
892 3288 1265 3370 Betonung,
1320 3287 1406 3350 im
1460 3287 1719 3369 Klange
1775 3288 2102 3352 einzelner
2152 3288 2377 3353 Worte
2430 3292 2559 3352 und

215 3408 456 3471 ganzer
502 3389 720 3471 Satze,
774 3390 861 3452 im
906 3390 1244 3454 Wortlaut
1299 3391 1414 3454 der
1459 3390 1762 3454 iiblichen
1808 3391 2113 3454 Formeln
2158 3389 2265 3455 fiir
2309 3390 2559 3455 ‘Guten

216 3493 384 3573 Tag!
446 3492 594 3558 Wie
625 3492 912 3574 geht’SP’
944 3512 1098 3558 usw.
1130 3494 1276 3576 und,
1307 3512 1445 3558 was
1475 3495 1659 3557 mehr
1704 3494 1806 3577 ist,
1852 3493 1920 3557 in
1965 3493 2179 3557 seiner
2222 3497 2558 3574 gesamten

214 3594 924 3677 Ausdrucksss'ahigkeit
969 3594 1113 3659 aufs
1159 3600 1449 3660 treueste
1493 3595 1778 3660 wieder.’

379 3697 565 3760 Inter
612 3704 840 3777 poetas
899 3698 1194 3761 satiricos
1248 3703 1514 3778 praeter
1557 3699 1907 3781 Lucilium,
1968 3699 2147 3763 cuius
2193 3698 2335 3777 ipsa
2379 3697 2555 3780 frag-

213 3803 430 3863 menta
485 3803 882 3879 quantopere
934 3799 1248 3864 familiari
1301 3819 1593 3896 segmone
1639 3820 1791 3865 usus
1837 3802 1924 3864 sit
1970 3803 2224 3882 docent,
2279 3800 2555 3881 primum

214 3899 461 3964 obtinet
504 3901 712 3965 locum
757 3902 1089 3984 Horatius,
1137 3904 1484 3966 secundum
1528 3902 1892 3967 Petronius,
1978 3903 2319 3981 Perpauca
2364 3903 2553 3966 attri-

212 4003 490 4067 buerunt
533 4003 743 4067 Varro
808 4003 874 4067 111
934 4003 1323 4085 fragmentis
1383 4009 1649 4069 saturae
1709 4004 2120 4087 Menippeae,
2183 4003 2428 4069 Seneca
2486 4005 2554 4069 in

377 4187 418 4256 ¹)
467 4187 672 4241 Kultur
719 4188 812 4242 der
849 4190 1177 4259 Gegenwart
1213 4190 1256 4259 I,
1283 4191 1339 4245 8:
1388 4190 1492 4243 Die
1540 4190 1742 4259 griech.
1781 4206 1833 4243 u.
1880 4189 2066 4244 latein.
2114 4189 2395 4244 Literatur
2441 4191 2554 4244 und

213 4273 453 4343 Sprache,
490 4290 542 4343 p.
567 4275 684 4331 427.
