3187 4930
631 295 712 357 38

630 462 1002 546 videantur,
1061 469 1136 529 ut
1197 464 1380 543 quasi
1441 464 1523 527 ad
1584 482 1767 528 suum
1829 462 2139 528 arbitium
2201 482 2279 527 ea
2338 462 2416 526 de
2475 479 2546 525 re
2602 459 3004 526 constituat.

629 565 862 644 Itaque
943 584 1055 630 suo
1136 566 1276 629 iure
1343 564 1598 629 Plinius
1665 564 1877 649 (epist.
1909 565 2037 647 III,
2083 566 2187 647 18,
2219 564 2286 647 4)
2354 562 2527 627 11311(1
2593 562 3003 627 mediocrem

629 667 1030 748 voluptatem
1093 687 1173 732 ex
1233 687 1306 737 eo
1368 667 1566 749 cepit,
1629 669 1819 749 quod,
1880 686 2020 732 cum
2080 667 2318 731 librum
2380 666 2700 746 quendam
2756 666 3001 730 amicis

628 768 910 833 recitare
955 769 1285 852 voluisset,
1332 769 1490 833 ‘non
1535 787 1653 850 per
1697 768 2039 852 codiciHOS,
2084 788 2212 832 non
2256 787 2372 849 per
2416 767 2690 847 libellos,
2735 769 2846 831 sed
2899 768 2998 832 ‘si

629 871 1052 934 commodum'
1101 875 1168 935 et
1213 871 1299 935 ‘si
1337 872 1531 936 valde
1575 871 1877 936 vacaret'
1926 871 2238 935 admoniti
2283 870 2670 934 foedissimis
2714 869 2997 951 insuper

629 973 1160 1052 tempestatibus’
1206 978 1666 1039 convenerunt.

797 1075 901 1139 Ex
945 1076 1050 1158 iis,
1107 1095 1272 1155 quae
1318 1077 1532 1158 attuli,
1577 1077 1889 1157 exemplis
1935 1077 2056 1140 duo
2103 1076 2233 1140 iam
2264 1075 2531 1139 Baitero
2574 1113 2655 1121 —
2696 1075 2765 1139 in
2810 1094 2990 1140 com-

627 1177 944 1241 mentario
992 1178 1218 1242 critico
1265 1178 1568 1242 editionis
1614 1196 1769 1243 suae
1812 1216 1897 1224 —
1943 1198 1982 1242 a
2026 1196 2201 1242 more
2246 1178 2576 1241 discedere
2619 1182 2769 1242 sunt
2801 1178 2989 1243 visa:

630 1280 826 1359 ‘quod
899 1281 1211 1344 commodo
1289 1286 1391 1344 tuo
1463 1283 1670 1362 facere
1725 1281 1973 1361 poteris
1995 1280 2010 1307 '
2083 1279 2237 1363 (Cic.
2299 1279 2382 1342 ad
2441 1281 2580 1343 Att.
2612 1280 2662 1361 I,
2692 1278 2839 1363 4,1)
2915 1285 2990 1344 et

630 1382 823 1461 ‘quod
895 1382 1032 1445 sinc
1097 1383 1387 1446 molestia
1449 1387 1559 1445 tua
1615 1384 1824 1464 facere
1885 1382 2164 1462 poteris'
2229 1381 2382 1464 (Cic.
2431 1382 2511 1444 ad
2556 1381 2696 1445 Att.
2727 1381 2777 1464 I,
2810 1382 2865 1463 5,
2895 1382 2986 1465 7).

626 1483 860 1561 Itaque
906 1502 1047 1547 cum
1094 1484 1160 1547 id
1204 1483 1342 1549 fere
1388 1484 1615 1549 vellet:
1665 1489 1975 1563 quantum
2022 1488 2133 1548 tuo
2181 1484 2503 1547 commodo
2542 1482 2788 1563 poteris
2820 1482 2987 1565 (Cic.

626 1586 708 1648 ad
753 1584 900 1649 fam.
933 1586 1120 1666 XIII,
1154 1586 1368 1670 693),
1429 1586 1796 1666 suspica-tus
1856 1591 1956 1650 est
2016 1585 2287 1665 ‘quoad'
2347 1604 2462 1665 pro
2517 1586 2716 1664 ‘quod
2732 1585 2762 1667 ’,
2812 1604 2986 1665 quae

625 1687 999 1752 coniectura
1064 1688 1193 1752 iam
1261 1689 1403 1752 ideo
1464 1707 1591 1752 11011
1652 1690 1991 1771 probatur,
2063 1687 2215 1767 quia
2273 1687 2636 1752 coniunctio
2698 1688 2984 1767 ‘quoad’

623 1807 949 1867 nunquam
1003 1790 1072 1853 in
1126 1790 1227 1853 his
1279 1790 1573 1854 formulis
1628 1791 1926 1855 occurrit.
2023 1793 2161 1854 Aut
2213 1789 2419 1872 igitur
2476 1791 2559 1854 ad
2612 1791 2984 1870 exemplum

625 1891 900 1955 aliarum
932 1891 1352 1956 formularum
1388 1893 1796 1957 scribendum
1827 1893 2091 1958 videtur
2136 1892 2401 1973 ‘possis’
2446 1910 2562 1972 pro
2593 1892 2901 1972 ‘poteris’
2925 1893 2981 1973 1)

626 1997 741 2058 aut
785 2033 869 2038 --
916 1995 1081 2074 quod
1127 1994 1356 2058 melius
1402 2001 1502 2059 est
1546 2034 1631 2039 -—
1676 1994 1839 2059 nihil
1885 1996 2290 2076 mutandum,
2347 1994 2498 2074 quia
2542 1994 2981 2059 indicativum

620 2095 826 2159 futuri
879 2097 947 2160 111
1001 2116 1293 2161 sermone
1345 2098 1670 2162 cotidiano
1724 2117 1917 2179 saepe
1972 2045 2367 2162 coniunctivi
2412 2097 2556 2161 vice
2609 2096 2796 2178 fungi
2841 2097 2980 2161 iam

623 2216 820 2278 supra
865 2198 1050 2263 nobis
1094 2201 1548 2279 persuasimus
1563 2201 1615 2283 2)
2063 2217 2078 2226 ’

789 2301 1236 2382 Nonumquam
1281 2302 1355 2385 is,
1403 2303 1512 2382 qui
1550 2307 1687 2367 tam
1729 2304 2008 2368 humane
2038 2309 2327 2387 rogatul,
2368 2322 2495 2368 non
2526 2303 2735 2368 minus
2766 2303 2979 2385 polite

617 2406 965 2487 respondet,
1013 2424 1154 2470 cum
1202 2405 1397 2470 alteri
1428 2406 1645 2471 reddit
1675 2406 2025 2490 licentiam,
2057 2411 2130 2486 ut
2161 2408 2239 2472 (10
2271 2426 2339 2473 30
2371 2409 2678 2472 decernat
2710 2406 2979 2492 (Horat.

619 2507 803 2587 epist.
835 2509 883 2590 I,
918 2511 1105 2590 7,19;
1163 2511 1265 2573 70:
1313 2514 1386 2573 ut
1431 2510 1620 2589 libet3
1681 2510 1846 2574 Plin.
1881 2511 2064 2590 epist.
2097 2511 2172 2592 V,
2213 2513 2349 2592 1,5:
2411 2516 2485 2575 ut
2540 2509 2764 2591 voles).
2872 2513 2979 2575 Ac

617 2628 699 2673 ne
752 2610 819 2673 id
875 2611 1125 2689 quidem
1182 2611 1549 2676 urbanitati
1604 2630 1858 2693 semper
1902 2611 2257 2695 satisfacit,
2312 2615 2477 2692 quod
2521 2616 2788 2693 praeter
2834 2613 2976 2677 alia

618 2713 738 2777 hoc
769 2713 1127 2794 exemplum
1161 2714 1587 2778 demonstrat:
1634 2715 1848 2780 Plaut.
1882 2716 2068 2780 Truc.
2103 2717 2226 2780 359
2244 2734 2290 2780 S.
2379 2717 2450 2780 P.
2507 2715 2744 2780 Hicine
2776 2713 2975 2781 hodie

619 2833 826 2895 001133,
874 2814 1092 2880 salvos
1137 2834 1280 2879 cum
1326 2815 1639 2880 advenis?
1669 2855 1754 2861 ——
1798 2817 1875 2881 D.
1906 2818 2200 2881 Promisi.
2232 2856 2318 2862 —-
2346 2819 2417 2882 P.
2479 2816 2609 2881 Ubi
2653 2817 2974 2882 cenabis?

615 2955 699 2961 -—
751 2917 828 2981 D.
888 2917 1020 2982 Ubi
1079 2922 1152 2981 tu
1210 2918 1491 2982 iusseris.
1538 2957 1622 2963 —-
1668 2920 1737 2984 P.
1799 2919 1949 3001 Hic,
2008 2938 2111 2984 me
2167 2920 2435 2985 lubente
2491 2918 2710 2985 facies,
2755 2958 2842 2963 —
2888 2921 2971 2986 D.

615 3019 863 3099 Edepol
908 3039 1010 3083 me
1055 3021 1280 3101 magis
1325 3059 1409 3064 —
1467 3083 1473 3089 .

787 3122 1221 3186 Transeamus
1279 3123 1361 3186 ad
1417 3123 1595 3187 aliud
1647 3142 1853 3205 genus
1905 3123 2353 3207 formularum,
2414 3126 2527 3190 ubi
2571 3126 2644 3208 13,
2689 3126 2798 3205 (1111
2845 3127 2968 3190 311-

619 3223 771 3303 quid
838 3229 1053 3306 rogat,
1119 3225 1313 3289 alteri
1382 3229 1496 3290 aut
1565 3245 1845 3291 amorem
1914 3247 2096 3292 suum
2176 3228 2523 3308 pollicetur
2603 3231 2721 3296 aut
2784 3227 2970 3294 illius

616 3342 897 3390 amorem
935 3317 1215 3409 invocat,
1261 3316 1334 3392 ut
1379 3328 1505 3392 sibi
1547 3348 1788 3394 morem
1833 3334 2041 3411 gerat.
2117 3331 2519 3411 Quamquam
2566 3335 2814 3395 certum
2861 3336 2970 3395 est

614 3447 776 3510 eum,
823 3429 933 3508 qui
978 3429 1078 3493 his
1117 3429 1409 3494 formulis
1441 3431 1769 3513 utebatur,
1801 3434 1879 3495 de
1912 3451 2126 3495 amore
2158 3451 2284 3496 non
2315 3433 2589 3497 multum
2620 3433 2968 3515 cogitasse.

496 3541 499 3544 ’
612 3530 814 3595 Velut
857 3530 1136 3595 forumla
1181 3534 1436 3596 ‘amabo
1460 3533 1487 3611 ',
1536 3552 1701 3612 quae
1745 3533 2122 3613 plerumque
2167 3536 2446 3599 sermoni
2490 3536 2587 3600 ita
2631 3534 2966 3618 inseritur,

612 3637 685 3696 ut
746 3633 812 3697 in
872 3634 1350 3699 constructione
1409 3635 1756 3700 verborum
1818 3636 1982 3699 nihil
2041 3641 2354 3719 mutetur,
2415 3638 2580 3701 nihil
2639 3637 2860 3701 differt
2922 3657 2967 3701 a

612 3734 975 3799 tritissimis
1037 3735 1170 3800 illis
1229 3738 1504 3819 rogandi
1563 3738 2142 3820 interrogandique
2202 3739 2469 3805 vocibus
2532 3745 2793 3822 ‘quaeso
2816 3739 2831 3766 '
2892 3745 2967 3805 et

615 3837 844 3919 ‘‹royo'.
936 3837 1221 3919 Quarum
1288 3839 1406 3904 illa
1472 3840 1615 3920 ipsa
1676 3860 1950 3921 quoque·
1978 3842 2255 3906 medium
2315 3841 2384 3905 in
2443 3860 2800 3906 sermonem
2859 3842 2963 3906 in-

748 4093 788 4158 1)
838 4092 915 4144 Of.
956 4093 1061 4146 Cic.
1102 4094 1170 4145 ad
1206 4095 1331 4146 fam.
1358 4095 1512 4162 XIII,
1538 4099 1620 4162 69,
1646 4098 1700 4150 2:
1753 4098 1893 4163 quod
1942 4099 2213 4150 commodo
2262 4103 2356 4152 tuo
2395 4100 2511 4152 fieri
2546 4099 2718 4166 possit
2754 4131 2820 4137 —
2847 4101 2962 4154 Cic.

610 4177 677 4227 ad
714 4176 840 4229 fam.
867 4179 1020 4245 XIII,
1047 4181 1128 4246 35,
1155 4181 1210 4233 2:
1251 4181 1394 4244 quod
1430 4181 1546 4233 sine
1582 4182 1833 4235 molestia
1867 4187 1966 4235 tna
2000 4182 2176 4235 facere
2212 4185 2399 4249 possis.

745 4264 788 4331 ²)
837 4264 914 4316 Cf.
955 4265 1119 4318 etiam
1157 4265 1459 4334 Landgraf,
1510 4267 1715 4320 Histor.
1744 4269 1978 4322 Gramm.
2008 4269 2055 4321 d.
2084 4269 2187 4322 lat.
2206 4270 2440 4341 Sprache
2476 4271 2577 4340 III,
2606 4273 2649 4339 1,
2687 4288 2736 4340 p.
2766 4272 2866 4326 112
2889 4289 2963 4326 33.
